2618 4770
386 207 542 326 cauca.¹
569 256 749 329 Glttct'M.
1054 269 1105 363 ει,

14 449 31 490 ιη
129 414 305 500 Antiquior
317 409 425 481 forma
438 423 487 480 est
501 413 630 481 circum
638 463 649 498 ,
667 435 754 481 nova
768 424 801 480 et
813 437 876 503 per
888 422 1095 491 occasionem

10 526 30 585 ιι,
67 501 133 571 tacta
157 502 259 567 cuca.
310 500 398 566 Haec
423 500 512 565 enim
536 500 711 588 desumpta
733 498 864 566 videtur
884 527 926 571 ex
948 503 1095 576 formula

11 600 29 663 A
67 586 285 669 urmuuuca,
316 607 382 672 qua
405 587 473 651 iam
494 585 627 653 Plautus
661 587 776 651 utitur.
832 590 876 653 At
901 591 997 657 circa
1031 616 1095 660 nec

10 709 36 767 a,
68 675 170 741 Plautus
185 671 293 753 dixit,
317 693 379 736 nec
399 671 596 753 Terentius,
616 695 677 738 nec
695 673 1096 765 Lucretius,’numquam

10 794 27 834 a
71 759 210 826 Sallustius
230 767 264 823 et
285 755 412 837 Virro,
435 768 467 821 et
483 778 526 822 ex
541 759 708 824 Ciceronis
727 759 880 846 operibus
896 783 1000 847 pauca
1014 776 1093 831 tan-

15 882 25 919 s,
70 856 117 910 tun
130 842 282 930 exempla
299 853 414 907 notata
429 841 608 925 habemus,
630 855 668 909 ut
684 841 766 908 adeo
782 845 817 909 in
833 846 872 910 iis
894 847 935 912 de
954 851 1093 939 integri·

10 967 25 1004 3,·
66 930 303 1016 descripturus
318 926 462 992 dubitari
477 931 593 1015 possit.
636 926 734 1015 Apud
749 928 881 995 Livium
901 941 970 999 tam
993 959 1094 1025 saepe

10 1054 33 1091 ι..
62 1016 199 1093 ucurrit,
230 1023 270 1078 ut
292 1011 589 1079 Drakenborchius
614 1023 766 1111 negaret,
793 1014 939 1084 formam
962 1022 1093 1087 circum

10 1138 25 1177 ,a
59 1121 177 1189 usquam
198 1098 331 1164 admitti
351 1099 504 1186 possein
529 1098 595 1163 hoc
619 1098 754 1184 quidem
778 1101 841 1165 scri
867 1113 949 1168 tore.
993 1109 1018 1171 A
1047 1109 1095 1175 ud

10 1224 25 1263 a
58 1186 213 1253 Horatium
269 1185 394 1249 simum
419 1194 557 1282 apparet
577 1181 793 1271 frequentius.
843 1123 954 1253 litium
977 1132 1092 1260 Celsus

10 1308 23 1348 r,
56 1270 104 1338 bac
120 1293 208 1337 nova
228 1207 342 1335 firma
362 1268 486 1356 pluries
502 1270 605 1333 utitur
618 1290 720 1355 quam
744 1269 940 1355 antiquiore.
982 1279 1026 1340 At
1050 1301 1093 1347 ue

10 1370 23 1434 [-
58 1380 114 1424 um
136 1379 207 1422 non
230 1355 436 1444 primitivam
458 1355 712 1443 incompositis
736 1354 843 1423 uerbis
863 1379 936 1422 non
961 1361 1039 1429 adhi
1060 1364 1098 1429 i-.

11 1493 23 1506 .
55 1453 107 1510 tun
121 1465 210 1524 esse,
232 1463 286 1507 res
300 1441 374 1528 ipsa
394 1438 502 1504 docet.

149 1563 182 1615 ln
193 1560 270 1615 nisti
282 1559 364 1613 libris
379 1558 507 1614 videntur
520 1559 629 1613 scribae
643 1577 678 1614 ex
693 1577 742 1615 aaa
756 1577 808 1615 usu
823 1560 985 1636 plerumque
1007 1534 1097 1623 resti·¹
1127 1534 1133 1545 .

10 1653 22 1691 t·
110 1645 325 1702 mactamus
338 1646 417 1699 arca.
453 1647 547 1713 Quare
565 1645 655 1701 altera
671 1646 762 1701 formu
778 1647 948 1715 frequentius
969 1652 1091 1707 recurrit

10 1737 21 1762 ¹·
106 1730 136 1784 in
155 1747 190 1784 aa
208 1728 303 1800 operis
316 1735 413 1799 perte,
430 1747 569 1801 quaanon
582 1746 601 1787 a
616 1736 675 1788 tam
691 1731 925 1789 madianaea
948 1740 999 1788 esa
1032 1735 1100 1799 yid..

10 1823 21 1862 1¹
103 1815 152 1883 42,
166 1813 218 1882 45,
236 1815 264 1871 1.

10 1907 21 2034 i
98 1952 340 2021 ,Grammatici
360 1963 505 2036 veteres,
532 1960 570 2016 nt
593 1952 789 2040 expedirent
818 1954 979 2042 quosdam
1004 1966 1097 2043 pce-'
1146 1950 1152 1963 ⁸

10 2078 20 2118 ῃ
56 2042 147 2103 tntum
161 2040 275 2119 locos,
294 2039 461 2105 ⁴docebant
475 2039 604 2103 circum
620 2040 720 2105 etiam
740 2062 815 2104 cum
831 2040 971 2106 ablativo
990 2063 1089 2106 com-

10 2177 20 2191 .
55 2123 131 2208 poni·
174 2125 306 2191 Seruius
330 2125 372 2191 ud
388 2125 502 2213 virgil.
520 2127 602 2189 Aen.
622 2124 694 2189 Ecl.
713 2131 750 2204 1,
767 2131 821 2190 30.
840 2126 975 2214 antiqui
996 2129 1089 2192 euim

10 2264 19 2276 .
52 2221 158 2292 past,
197 2223 321 2289 ante,
350 2211 514 2276 circum
550 2211 657 2275 etiam
694 2208 846 2275 ablativo
881 2211 1088 2300 iungebant:

10 2313 17 2375 1
54 2294 239 2390 proditoriis
252 2293 537 2385 fuccre'miaime
556 2315 748 2380 possamus.
791 2296 1089 2365 Haerebant'2enin1
1122 2372 1125 2377 ,

10 2420 16 2459 ;
54 2398 83 2442 tn
164 2381 299 2448 licando
325 2380 500 2462 adverbio,
530 2381 649 2446 velutis
688 2379 807 2464 Rutuli
821 2382 938 2468 portia
960 2383 1090 2449 circum

10 2508 14 2546 Ι
54 2466 134 2529 cauri
153 2469 349 2533 reiectant.
392 2465 494 2531 Cous.
512 2466 667 2532 Priscian.
689 2487 726 2554 p.
742 2468 817 2532 989.
841 2476 961 2533 etvoc.
984 2485 1090 2545 'Qvo-

10 2591 13 2604 ·
56 2564 154 2618 daun.
184 2551 291 2619 Iidem
305 2562 452 2618 auctores
469 2551 712 2638 distinguebant
732 2551 924 2618 adverbium
941 2566 1089 2634 accentu,

70 2654 136 2701 nem
158 2637 213 2705 alii
239 2637 275 2704 in
299 2636 553 2728 praepositionis
585 2637 701 2701 ultima
732 2637 805 2702 acui
841 2639 1090 2726 praecipiebant

17 2734 25 2823 Ι
66 2721 117 2787 rid.
138 2723 296 2789 Priscian.
323 2722 365 2788 de
383 2727 516 2788 Acuent.
538 2725 578 2804 7,
600 2720 690 2808 48.),
724 2722 779 2787 alii
801 2743 936 2822 gravem
961 2746 1032 2790 esee
1055 2735 1090 2789 et

16 2832 21 2889 Ι
54 2825 116 2872 cum
146 2809 287 2875 nomine
311 2809 494 2889 coalescere
521 2807 690 2884 dicebant,
722 2806 777 2873 alii
804 2831 841 2873 m
862 2830 934 2875 voc.
961 2810 1090 2874 circam

15 2892 20 2963 f
55 2889 408 2960 detinctioniinservire
423 2893 592 2981 putabant.
615 2894 747 2957 Servius
768 2891 809 2956 ad
828 2893 943 2980 Virgil.
958 2896 1040 2959 Aen.
1055 2895 1088 2976 4,

55 2975 113 3041 tta
135 2979 175 3043 ad
187 2981 287 3046 verba
301 2992 372 3066 toto
384 2980 484 3044 litore
493 2979 640 3043 circum.-
662 2978 825 3042 circam
838 3002 907 3042 non
919 2990 969 3042 est
977 2999 1089 3064 prae·

53 3064 171 3145 paritio,
186 3065 250 3130 sed
265 3064 463 3131 adverbium
472 3064 555 3128 loci:
577 3084 660 3127 nana
694 3062 861 3148 ostposita
873 3065 1089 3150 praepositio

58 3159 264 3215 caecantem
287 3152 432 3215 mactavit
448 3161 481 3214 et
500 3171 580 3213 suus
590 3170 657 3235 per
683 3146 752 3212 idit
766 3147 863 3213 airas.
884 3149 991 3213 'Hinc
1009 3149 1090 3216 Sca-

56 3228 120 3318 liger
140 3236 181 3301 de
199 3237 328 3301 Caussie
351 3236 374 3300 l.
395 3235 420 3301 l.
442 3258 477 3321 p.
499 3234 573 3300 395.
601 3233 643 3298 de
665 3233 987 3322 praepositionibus:
1012 3236 1089 3316 „sic

56 3318 136 3403 prisci
156 3321 356 3409 prodideree
377 3342 494 3395 omnes
516 3331 666 3385 extrema
691 3316 837 3405 syllaba,
855 3320 920 3385 nisi
944 3329 1089 3408 postpo-

57 3414 160 3469 nantur
180 3409 385 3473 Graecorum
408 3407 493 3487 ritu,
516 3405 605 3470 acui:
634 3402 823 3490 eodemque
845 3406 915 3473 ritu
939 3405 967 3469 si
991 3414 1090 3491 post-

56 3502 225 3636 ponantur,
246 3502 417 3557 accentum
442 3489 624 3556 transferri.
667 3488 718 3555 lta
736 3489 858 3556 nostris
881 3490 1027 3578 placuit,
1052 3500 1090 3555 ut

10 3578 12 3637 ἓ
76 3573 220 3641 'ememus
238 3579 341 3666 penis
359 3578 532 3642 Caesarem
553 3587 585 3640 et
610 3574 783 3640 Caesarem
799 3574 913 3662 pe'nes.
958 3575 1089 3655 Quodsi

58 3664 239 3745 usuveniat,
260 3673 299 3727 ut
312 3661 515 3751 praepositio
537 3661 581 3747 sit
598 3659 751 3748 ambigua
771 3682 838 3726 vox
860 3661 980 3746 aliique
1001 3662 1089 3748 parti

58 3749 245 3831 numanis,
266 3770 310 3813 ne
324 3747 511 3846 postposita
536 3745 668 3833 quidem
690 3744 880 3828 transferri,
901 3756 939 3810 ut
957 3769 1089 3834 semper

59 3826 162 3899 dicatur
178 3833 295 3917 altaria
313 3830 452 3916 crrcdm,
475 3831 560 3897 sicut
581 3825 707 3897 circu'm
728 3830 860 3912 altaria,
882 3853 926 3896 ne
946 3852 1090 3899 concur-

58 3924 96 3979 ra
106 3941 178 3985 cum
196 3928 318 4007 quarto
337 3939 414 3984 casu
430 3916 576 3983 nominis
591 3914 689 3983 huius
705 3917 825 3982 circus.
836 3921 857 3955 “
881 3912 979 3980 Conf.
992 3917 1089 3981 Voss.

61 3994 89 4065 de
99 4004 175 4071 Arte
193 4028 246 4093 gr.
261 4008 303 4087 2,
319 4006 352 4069 9.
372 4027 407 4092 p.
426 4004 498 4067 187.
541 4000 644 4068 Aliter
666 4000 906 4083 Quinctilianus
924 4004 961 4079 1,
978 4001 1019 4082 5,
1036 4002 1090 4066 25.

60 4098 184 4161 uinum
198 4090 274 4162 iam
294 4086 390 4184 saloy
406 4084 572 4177 pactam
593 4082 764 4170 eruditos,
782 4086 962 4156 nonnullos
983 4084 1090 4154 etiam

727 4191 782 4253 ῌ
