2618 4770
13 70 58 101 *κ
79 32 207 127 littei&
229 28 784 141 &adstatimgfflemwffl
816 42 871 111 ,Λ
897 66 901 73 -
989 0 1008 18 ”
1142 15 1164 32 ’

84 146 106 175 ‘⁴
122 128 345 227 imiimi*a
373 118 503 247 ”Q
525 118 654 251 ⁹7⁴*st
670 152 708 231 qt

126 320 193 385 400
592 306 720 375 nutu.

125 474 190 553 te,
221 470 294 537 182.
321 482 446 531 novam
470 454 512 529 de
540 462 603 529 hac
625 478 663 529 re
687 467 915 553 quaestionem
937 466 1185 551 instituit,-ex·

128 554 298 647 ceptionee
319 562 387 616 tam
410 542 533 615 multae
556 546 753 638 proposuit,
775 561 814 615 ut
834 550 907 639 ipen
928 544 1045 640 regule
1068 553 1109 621 iis
1123 555 1183 639 ob-

124 648 289 713 rueretur.
332 638 401 701 Nec
424 637 553 700 nescius
577 652 653 701 sum
673 654 788 703 earum
809 630 940 726 legum,
970 656 1055 725 quas
1073 640 1180 707 Kret-

127 735 194 796 sius
218 722 252 794 in
274 726 353 790 Arte
374 718 475 788 latine
501 718 668 787 scribendi
693 746 727 787 ua
751 722 826 790 520.
856 746 892 811 pa
916 726 989 790 473.
1021 724 1177 811 condidit,

127 819 211 881 Otto
235 812 276 878 ad
301 811 368 875 Cica
391 808 432 873 de
457 806 587 873 Senect.
611 831 648 896 p·
669 815 745 875 222.
775 818 946 909 tamquam
970 803 1070 878 unice
1092 832 1175 879 veras

126 896 361 987 comprobavit
378 905 410 959 et
426 895 575 980 ipsarum
593 897 776 977 veritatem,
796 914 906 961 nescio
923 914 987 983 qua
1003 892 1172 981 decantat,

124 988 264 1053 miratus
276 995 337 1047 est.
381 980 467 1045 Sunt
483 977 667 1045 eulmine:
690 982 768 1047 siin
784 985 944 1047 sententia
958 980 1170 1084 aliquapleur

109 1072 310 1143 ‚subiectum
331 1068 443 1155 primo
458 1059 537 1129 loco
554 1076 718 1153 ponatur,
748 1068 834 1131 sicut
853 1058 891 1131 iit
913 1068 949 1132 in
972 1069 1166 1137 definitioni-

125 1158 209 1239 bus,
230 1151 425 1243 perticulam
443 1152 640 1241 praecedere
655 1144 757 1218 verbo
776 1172 865 1217 essee
886 1153 937 1218 siu
953 1156 1164 1241 praedicamur

123 1242 166 1309 ub
182 1240 276 1308 initio
292 1239 473 1305 sentcntiae
493 1237 689 1319 collocetur,
716 1234 799 1303 et·'si
820 1241 1006 1326 praemisso
1030 1242 1162 1307 subiecta

122 1328 349 1419 praedicatum
374 1324 599 1389 enuntiatione
619 1325 752 1389 relativa
774 1340 836 1411 per
879 1326 916 1389 ui
938 1327 989 1391 vel
1011 1320 1160 1414 quinon

122 1418 307 1504 primatus,
339 1416 371 1475 et
389 1412 416 1475 si
432 1410 569 1473 verbum
586 1428 658 1474 erae
673 1430 750 1474 cum
765 1349 923 1497 singulari
938 1403 971 1477 ri
988 1434 1159 1503 praepone

122 1508 197 1577 tur,
220 1496 416 1589 particulam
441 1494 561 1559 habere
587 1496 696 1560 locum
716 1506 794 1584 post
810 1493 949 1563 verbum
966 1520 1047 1563 erae.
1088 1500 1157 1572 Haec

122 1606 327 1675 qrtamquam
342 1603 382 1648 ex
399 1590 566 1666 suuperte
583 1604 660 1646 vera
679 1582 867 1673 suut‚ipsa
891 1598 1003 1649 caussa
1025 1598 1093 1653 non
1115 1588 1157 1651 iu·

121 1672 301 1759 religitur,
324 1684 383 1732 cur
397 1666 442 1730 ita
459 1666 535 1747 fiat,
557 1681 619 1731 nec
643 1689 726 1753 quae
750 1668 791 1732 sit
813 1662 848 1731 in
870 1671 1059 1757 praedicato
1075 1692 1158 1771 prae·

121 1759 224 1823 misso
242 1760 386 1842 potestus
401 1752 586 1819 attrahendi
601 1754 751 1837 verbum,
768 1772 878 1839 neque
894 1756 994 1821 etiam
1008 1776 1069 1823 cut·
1084 1758 1156 1823 adem

120 1837 269 1907 subiecto
288 1838 478 1925 contingat,
511 1838 644 1923 quando
660 1835 885 1927 praedicatum
899 1864 971 1907 non
988 1864 1056 1907 uuo
1072 1866 1156 1909 voca-

119 1928 221 2005 bulo,
250 1925 308 1990 sed
329 1923 463 1990 relativa
484 1925 646 1989 sententia
672 1927 883 2009 continetur,
920 1939 976 1991 aut
1001 1944 1060 1995 cur
1081 1930 1156 1995 exci-

118 2009 255 2103 piantur
269 2010 435 2077 formulae
452 2009 526 2101 puis
542 2020 592 2073 eet
614 2010 834 2110 etAE'QQ
871 2012 943 2101 Ego
960 2036 1038 2079 vero
1056 2018 1157 2081 eadent
1195 2000 1199 2067 l

118 2101 171 2164 via
191 2096 330 2175 incedo,
354 2118 454 2184 quam
475 2114 640 2183 ingressus
659 2117 733 2161 sum
756 2120 789 2161 m
814 2119 887 2163 voca
910 2105 1026 2165 antem
1043 2124 1079 2191 p.
1094 2105 1156 2169 678.

118 2178 164 2251 Τ.
184 2190 212 2250 1.
236 2183 293 2249 ubi
319 2196 401 2270 quae
417 2180 504 2256 dixi,
527 2179 754 2246 conferentur.
792 2184 943 2248 Primum
967 2187 1076 2270 enlm,
1100 2198 1155 2275 qu'c

116 2262 229 2337 minus
243 2272 330 2333 recte
347 2262 475 2332 dicatur
487 2259 569 2353 qnid
584 2268 676 2331 enim
690 2280 758 2350 est,
777 2269 867 2333 nicil
881 2271 973 2334 enim
988 2284 1056 2353 est,
1077 2273 1155 2337 nulla

118 2350 229 2421 obstat
244 2357 350 2429 ratio,
370 2376 434 2435 nec
454 2360 562 2440 potest
578 2353 730 2418 codicum
755 2357 929 2420 auctoritas
955 2351 1039 2421 falsa
1063 2350 1155 2423 inter6

114 2442 301 2530 pretatione
320 2434 491 2506 infirmari.
535 2438 624 2502 Tum
643 2462 721 2504 vcro
745 2432 922 2505 discrimen
945 2441 1155 2531 proficiscitur

114 2550 156 2593 ex
172 2539 289 2592 natura
305 2526 396 2591 verbi
413 2542 500 2597 esse,
527 2526 617 2609 quod
636 2540 741 2610 quum
759 2548 828 2590 non
847 2526 980 2613 plenam
1001 2526 1155 2617 significa-

113 2614 242 2697 tionem
272 2622 436 2701 praestct,
479 2631 555 2694 cum
584 2612 722 2675 nomine
754 2612 966 2701 coniungitur
996 2616 1032 2679 in
1064 2632 1154 2681 unam

112 2702 306 2779 notionem,
346 2708 376 2762 et
401 2688 627 2777 encliticorum
653 2718 750 2762 more
774 2699 1072 2786 comprehenditur
1096 2716 1154 2765 unc

112 2797 267 2851 accentu:
289 2782 347 2848 scd
363 2783 420 2847 ubi
445 2780 605 2868 significat
630 2804 706 2847 aere
729 2799 817 2858 esee,
831 2797 1000 2867 emme,
1030 2786 1156 2852 attrahit

110 2870 336 2957 interrogandi
359 2867 566 2957 particulam.
619 2866 731 2949 Quare
756 2869 879 2957 triplex
903 2873 951 2935 est
975 2864 1154 2963 interroga-

110 2958 210 3021 tionis
226 2974 339 3045 ge'nus.
385 2953 452 3037 Qui
469 2953 607 3103 (punierit,
626 2954 709 3103 prid
722 2956 772 3019 est
787 2955 902 3022 enim?
924 2962 979 3021 aut
996 2969 1155 3048 exspectat

110 3044 377 3130 responsionem,
401 3038 472 3103 nihi
501 3054 624 3104 essere
653 3040 735 3104 nihil
751 3041 837 3105 aliud
854 3059 933 3124 esse,
960 3047 1027 3125 aut,
1054 3064 1153 3111 auru

109 3149 186 3194 vere
201 3129 254 3211 sit,
280 3127 423 3191 dubitat:
452 3127 509 3212 qui
525 3127 708 3213 interrogat
723 3127 807 3215 qnid
823 3122 914 3192 enim
929 3140 990 3203 est,
1015 3123 1057 3195 de
1073 3141 1153 3195 certo

109 3231 230 3303 genere
246 3214 294 3278 rei
312 3211 457 3299 quaerit,
482 3212 533 3277 vel
550 3213 818 3299 interrogationis
836 3214 867 3277 vi
885 3215 1011 3280 intenta
1027 3209 1153 3296 indicat,

107 3321 179 3365 non
196 3299 262 3364 hoc
280 3318 350 3363 esse
369 3296 422 3363 vel
436 3312 573 3385 prorsus
589 3290 673 3362 nihil
697 3310 784 3363 esse.'
819 3299 906 3363 Nam
921 3310 993 3380 tota
1010 3302 1058 3365 vis
1076 3320 1153 3367 con-

107 3386 317 3470 tinetur-unc
342 3378 444 3448 verbo
466 3383 558 3470 quida
604 3382 733 3463 Quibus
759 3382 914 3449 omnibns
938 3382 1101 3470 cilicii-ur,
1122 3397 1152 3451 ut

106 3472 265 3559 particula
282 3487 415 3558 semper
429 3468 575 3533 obtineat
588 3470 769 3533 seeundum
785 3470 915 3535 locumz
939 3489 1000 3536 nec
1018 3473 1063 3537 alt
1085 3496 1151 3538 rum

105 3557 217 3621 minus
233 3557 391 3639 latinum,
413 3576 473 3618 nec
491 3554 630 3618 alterum
654 3559 758 3642 magis
781 3556 956 3621 tullianum
975 3498 1152 3647 appellabi-

104 3656 191 3707 mtts.
235 3645 343 3729 Atque
358 3641 424 3704 hoc
443 3640 483 3703 ad
502 3640 578 3703 alias
595 3658 729 3725 quoque
743 3635 869 3705 formas
887 3645 1049 3730 pertinet,
1075 3664 1151 3733 quae

104 3728 244 3793 verbum
279 3733 329 3793 est
372 3725 559 3791 encliticam
595 3726 724 3790 nomini
764 3729 976 3793 coniunctum
1021 3730 1149 3796 lrabeat.-

103 3814 329 3880 Pruedicatum
346 3814 432 3876 enim
454 3811 586 3874 inverso
608 3806 725 3876 ordine
739 3816 957 3900 praeponitur
978 3816 1052 3882 fere
1073 3830 1148 3893 tum,

102 3914 205 3986 quum
222 3903 288 3966 vim
305 3902 337 3963 et
354 3899 466 3960 lumen
483 3895 600 3977 habet,-
622 3898 754 3985 eiusque
770 3902 864 3963 notio
879 3898 1009 3965 firmius
1027 3913 1148 3967 constat

101 3986 256 4050 adiuncto
279 3984 379 4050 verbo
405 3982 626 4047 substantivoz‘
661 4000 761 4070 quare
786 3997 863 4072 post
885 3986 951 4050 hoc
972 3989 1146 4055 collocetur

99 4073 263 4159 particula
288 4091 419 4135 necesse
444 4078 503 4132 est.
560 4064 627 4134 Sed
648 4077 761 4159 potest
791 4074 889 4136 etiam
919 4095 983 4159 per
1008 4098 1045 4139 ee
1065 4082 1144 4139 stare

97 4158 321 4244 praedicatum
328 4194 341 4235 5
379 4164 412 4221 et
441 4154 591 4222 medium
627 4157 713 4245 poni
740 4158 966 4245 copulativam
992 4160 1142 4229 terbum:
