<?xml version="1.0" encoding="UTF-8"?>
<!DOCTYPE html PUBLIC "-//W3C//DTD XHTML 1.0 Transitional//EN"
    "http://www.w3.org/TR/xhtml1/DTD/xhtml1-transitional.dtd">
<html xmlns="http://www.w3.org/1999/xhtml" xml:lang="en" lang="en">
 <head>
  <title>
</title>
<meta http-equiv="Content-Type" content="text/html;charset=utf-8" />
  <meta name='ocr-system' content='tesseract 3.04.00' />
  <meta name='ocr-capabilities' content='ocr_page ocr_carea ocr_par ocr_line ocrx_word'/>
</head>
<body>
  <div class='ocr_page' id='page_1' title='image "./tursellinusseud02handgoog_0436.png"; bbox 0 0 2618 4770; ppageno 0'>
   <div class='ocr_carea' id='block_1_1' title="bbox 564 266 1129 357">
    <p class='ocr_par' dir='ltr' id='par_1_1' title="bbox 564 266 1129 357">
     <span class='ocr_line' id='line_1_1' title="bbox 564 266 1129 357; baseline 0.004 -2"><span class='ocrx_word' id='word_1_1' title='bbox 564 275 639 343; x_wconf 80' lang='lat' dir='ltr'><strong>EO·</strong></span> <span class='ocrx_word' id='word_1_2' title='bbox 777 266 783 279; x_wconf 87' lang='lat'><em>&#39;</em></span> <span class='ocrx_word' id='word_1_3' title='bbox 1063 288 1129 357; x_wconf 79' lang='lat' dir='ltr'><strong>us</strong></span> 
     </span>
    </p>
   </div>
   <div class='ocr_carea' id='block_1_2' title="bbox 144 431 1129 953">
    <p class='ocr_par' dir='ltr' id='par_1_2' title="bbox 144 431 1128 592">
     <span class='ocr_line' id='line_1_2' title="bbox 144 431 1128 508; baseline 0.01 -19"><span class='ocrx_word' id='word_1_4' title='bbox 144 434 256 506; x_wconf 71' lang='lat' dir='ltr'><strong>serenda</strong></span> <span class='ocrx_word' id='word_1_5' title='bbox 271 433 328 488; x_wconf 85' lang='lat' dir='ltr'><strong>sint</strong></span> <span class='ocrx_word' id='word_1_6' title='bbox 351 450 409 488; x_wconf 82' lang='lat' dir='ltr'><strong>cum</strong></span> <span class='ocrx_word' id='word_1_7' title='bbox 430 431 515 498; x_wconf 74' lang='lat' dir='ltr'><strong>hisce,</strong></span> <span class='ocrx_word' id='word_1_8' title='bbox 538 433 572 490; x_wconf 85' lang='lat' dir='ltr'><strong>de</strong></span> <span class='ocrx_word' id='word_1_9' title='bbox 587 432 682 505; x_wconf 79' lang='lat' dir='ltr'><strong>quitus</strong></span> <span class='ocrx_word' id='word_1_10' title='bbox 695 451 765 491; x_wconf 86' lang='lat' dir='ltr'><strong>nune</strong></span> <span class='ocrx_word' id='word_1_11' title='bbox 780 437 948 508; x_wconf 85' lang='lat' dir='ltr'><strong>quaerimus,</strong></span> <span class='ocrx_word' id='word_1_12' title='bbox 971 443 1018 507; x_wconf 83' lang='lat' dir='ltr'><strong>sed</strong></span> <span class='ocrx_word' id='word_1_13' title='bbox 1031 451 1062 499; x_wconf 88' lang='lat' dir='ltr'><strong>ut</strong></span> <span class='ocrx_word' id='word_1_14' title='bbox 1075 450 1128 502; x_wconf 85' lang='lat' dir='ltr'><strong>eto.</strong></span> 
     </span>
     <span class='ocr_line' id='line_1_3' title="bbox 147 516 980 592; baseline 0.01 -20"><span class='ocrx_word' id='word_1_15' title='bbox 147 539 171 591; x_wconf 80' lang='lat' dir='ltr'><strong>p.</strong></span> <span class='ocrx_word' id='word_1_16' title='bbox 186 520 298 589; x_wconf 78' lang='lat' dir='ltr'><strong>Quinct.</strong></span> <span class='ocrx_word' id='word_1_17' title='bbox 312 519 339 586; x_wconf 91' lang='grc'><strong>2,</strong></span> <span class='ocrx_word' id='word_1_18' title='bbox 353 516 380 572; x_wconf 78' lang='grc'><strong>5.</strong></span> <span class='ocrx_word' id='word_1_19' title='bbox 403 518 464 573; x_wconf 83' lang='lat' dir='ltr'><strong>Vid.</strong></span> <span class='ocrx_word' id='word_1_20' title='bbox 481 519 591 573; x_wconf 80' lang='lat' dir='ltr'><strong>curtim</strong></span> <span class='ocrx_word' id='word_1_21' title='bbox 610 521 644 573; x_wconf 84' lang='lat' dir='ltr'><strong>nd</strong></span> <span class='ocrx_word' id='word_1_22' title='bbox 661 520 719 576; x_wconf 76' lang='lat' dir='ltr'><strong>cic.</strong></span> <span class='ocrx_word' id='word_1_23' title='bbox 734 522 821 592; x_wconf 79' lang='lat' dir='ltr'><strong>Epist.</strong></span> <span class='ocrx_word' id='word_1_24' title='bbox 836 523 880 591; x_wconf 78' lang='grc'>13,</span> <span class='ocrx_word' id='word_1_25' title='bbox 894 525 937 591; x_wconf 89' lang='grc'>12,</span> <span class='ocrx_word' id='word_1_26' title='bbox 953 524 980 580; x_wconf 89' lang='grc'><strong>3.</strong></span> 
     </span>
    </p>

    <p class='ocr_par' dir='ltr' id='par_1_3' title="bbox 144 621 1129 953">
     <span class='ocr_line' id='line_1_4' title="bbox 179 621 1129 703; baseline 0.013 -27"><span class='ocrx_word' id='word_1_27' title='bbox 179 625 293 677; x_wconf 78' lang='lat' dir='ltr'>Terent.</span> <span class='ocrx_word' id='word_1_28' title='bbox 306 624 409 677; x_wconf 74' lang='lat' dir='ltr'><strong>Hesus.</strong></span> <span class='ocrx_word' id='word_1_29' title='bbox 426 622 452 688; x_wconf 88' lang='grc'><strong>3,</strong></span> <span class='ocrx_word' id='word_1_30' title='bbox 467 623 493 688; x_wconf 88' lang='grc'><strong>2,</strong></span> <span class='ocrx_word' id='word_1_31' title='bbox 510 621 553 675; x_wconf 86' lang='grc'><strong>43.</strong></span> <span class='ocrx_word' id='word_1_32' title='bbox 581 640 663 692; x_wconf 85' lang='lat' dir='ltr'><strong>neque</strong></span> <span class='ocrx_word' id='word_1_33' title='bbox 676 642 706 677; x_wconf 89' lang='lat' dir='ltr'><strong>aa</strong></span> <span class='ocrx_word' id='word_1_34' title='bbox 719 644 789 678; x_wconf 88' lang='lat' dir='ltr'><strong>nunc</strong></span> <span class='ocrx_word' id='word_1_35' title='bbox 804 627 877 693; x_wconf 89' lang='lat' dir='ltr'><strong>dico,</strong></span> <span class='ocrx_word' id='word_1_36' title='bbox 903 630 973 696; x_wconf 89' lang='lat' dir='ltr'><strong>quod</strong></span> <span class='ocrx_word' id='word_1_37' title='bbox 986 632 1129 703; x_wconf 73' lang='lat' dir='ltr'><strong>quidquam</strong></span> 
     </span>
     <span class='ocr_line' id='line_1_5' title="bbox 147 706 1129 781; baseline 0.007 -16"><span class='ocrx_word' id='word_1_38' title='bbox 147 712 221 765; x_wconf 85' lang='lat' dir='ltr'><strong>ilium</strong></span> <span class='ocrx_word' id='word_1_39' title='bbox 249 711 382 764; x_wconf 73' lang='lat' dir='ltr'><strong><em>senserim.</em></strong></span> <span class='ocrx_word' id='word_1_40' title='bbox 431 707 464 759; x_wconf 92' lang='lat' dir='ltr'><strong>Id</strong></span> <span class='ocrx_word' id='word_1_41' title='bbox 490 706 633 761; x_wconf 87' lang='lat' dir='ltr'><strong>Bentleius</strong></span> <span class='ocrx_word' id='word_1_42' title='bbox 660 710 822 777; x_wconf 80' lang='lat' dir='ltr'><strong>mendosum</strong></span> <span class='ocrx_word' id='word_1_43' title='bbox 846 712 982 781; x_wconf 79' lang='lat' dir='ltr'><strong>appellet,</strong></span> <span class='ocrx_word' id='word_1_44' title='bbox 1015 722 1044 769; x_wconf 90' lang='lat' dir='ltr'><strong>et</strong></span> <span class='ocrx_word' id='word_1_45' title='bbox 1067 736 1129 774; x_wconf 88' lang='lat' dir='ltr'><strong>cum</strong></span> 
     </span>
     <span class='ocr_line' id='line_1_6' title="bbox 144 791 1128 867; baseline 0.005 -16"><span class='ocrx_word' id='word_1_46' title='bbox 144 798 254 851; x_wconf 86' lang='lat' dir='ltr'><strong>Fucrno</strong></span> <span class='ocrx_word' id='word_1_47' title='bbox 272 812 307 847; x_wconf 81' lang='lat' dir='ltr'><strong>cx</strong></span> <span class='ocrx_word' id='word_1_48' title='bbox 323 793 395 845; x_wconf 88' lang='lat' dir='ltr'><strong>libro</strong></span> <span class='ocrx_word' id='word_1_49' title='bbox 414 791 545 844; x_wconf 86' lang='lat' dir='ltr'><strong>bembino</strong></span> <span class='ocrx_word' id='word_1_50' title='bbox 564 811 615 862; x_wconf 86' lang='lat' dir='ltr'><strong>qno</strong></span> <span class='ocrx_word' id='word_1_51' title='bbox 632 795 760 850; x_wconf 75' lang='lat' dir='ltr'><strong>restituit.</strong></span> <span class='ocrx_word' id='word_1_52' title='bbox 809 798 896 850; x_wconf 81' lang='lat' dir='ltr'><strong>Varro</strong></span> <span class='ocrx_word' id='word_1_53' title='bbox 910 797 944 848; x_wconf 88' lang='lat' dir='ltr'><strong>de</strong></span> <span class='ocrx_word' id='word_1_54' title='bbox 959 799 1002 851; x_wconf 86' lang='lat' dir='ltr'><strong>Re</strong></span> <span class='ocrx_word' id='word_1_55' title='bbox 1019 818 1042 852; x_wconf 89' lang='lat' dir='ltr'><strong>r.</strong></span> <span class='ocrx_word' id='word_1_56' title='bbox 1060 802 1086 867; x_wconf 92' lang='lat'><strong>1,</strong></span> <span class='ocrx_word' id='word_1_57' title='bbox 1101 802 1128 858; x_wconf 79' lang='lat'><strong>5.</strong></span> 
     </span>
     <span class='ocr_line' id='line_1_7' title="bbox 144 878 1109 953; baseline 0.007 -21"><span class='ocrx_word' id='word_1_58' title='bbox 144 898 226 953; x_wconf 77' lang='lat' dir='ltr'><strong>seque</strong></span> <span class='ocrx_word' id='word_1_59' title='bbox 240 898 269 933; x_wconf 87' lang='lat' dir='ltr'><strong>ea</strong></span> <span class='ocrx_word' id='word_1_60' title='bbox 284 881 351 944; x_wconf 89' lang='lat' dir='ltr'><strong>dico,</strong></span> <span class='ocrx_word' id='word_1_61' title='bbox 364 879 497 947; x_wconf 80' lang='lat' dir='ltr'><strong>quadarn</strong></span> <span class='ocrx_word' id='word_1_62' title='bbox 512 878 629 931; x_wconf 71' lang='lat' dir='ltr'><strong>habeant</strong></span> <span class='ocrx_word' id='word_1_63' title='bbox 643 887 669 939; x_wconf 86' lang='lat' dir='ltr'><strong>et</strong></span> <span class='ocrx_word' id='word_1_64' title='bbox 679 883 759 935; x_wconf 85' lang='lat' dir='ltr'><strong>utilia</strong></span> <span class='ocrx_word' id='word_1_65' title='bbox 770 888 796 934; x_wconf 91' lang='lat' dir='ltr'><strong>et</strong></span> <span class='ocrx_word' id='word_1_66' title='bbox 807 882 953 935; x_wconf 87' lang='lat' dir='ltr'><strong>communia</strong></span> <span class='ocrx_word' id='word_1_67' title='bbox 967 887 1109 951; x_wconf 78' lang='lat' dir='ltr'><strong><em>quaedam.</em></strong></span> 
     </span>
    </p>
   </div>
   <div class='ocr_carea' id='block_1_3' title="bbox 175 978 1238 1056">
    <p class='ocr_par' dir='ltr' id='par_1_4' title="bbox 175 978 1238 1056">
     <span class='ocr_line' id='line_1_8' title="bbox 175 978 1238 1056; baseline 0.007 -18"><span class='ocrx_word' id='word_1_68' title='bbox 175 978 512 1046; x_wconf 60' lang='lat' dir='ltr'><strong>Fratuentium.</strong></span> <span class='ocrx_word' id='word_1_69' title='bbox 538 998 593 1033; x_wconf 88' lang='lat' dir='ltr'><strong>nan</strong></span> <span class='ocrx_word' id='word_1_70' title='bbox 612 999 642 1034; x_wconf 90' lang='lat' dir='ltr'><strong>eo</strong></span> <span class='ocrx_word' id='word_1_71' title='bbox 664 983 712 1035; x_wconf 81' lang='lat' dir='ltr'><strong>itae</strong></span> <span class='ocrx_word' id='word_1_72' title='bbox 733 983 807 1048; x_wconf 88' lang='lat' dir='ltr'><strong>dico,</strong></span> <span class='ocrx_word' id='word_1_73' title='bbox 838 985 917 1053; x_wconf 85' lang='lat' dir='ltr'><strong>quin,</strong></span> <span class='ocrx_word' id='word_1_74' title='bbox 948 1004 1015 1054; x_wconf 90' lang='lat' dir='ltr'><strong><em>quac</em></strong></span> <span class='ocrx_word' id='word_1_75' title='bbox 1031 995 1060 1040; x_wconf 86' lang='lat' dir='ltr'><strong>tu</strong></span> <span class='ocrx_word' id='word_1_76' title='bbox 1079 990 1128 1056; x_wconf 86' lang='lat' dir='ltr'><strong>ais,</strong></span> <span class='ocrx_word' id='word_1_77' title='bbox 1227 1032 1238 1043; x_wconf 90' lang='lat'><strong>.</strong></span> 
     </span>
    </p>
   </div>
   <div class='ocr_carea' id='block_1_4' title="bbox 141 1067 1129 1381">
    <p class='ocr_par' dir='ltr' id='par_1_5' title="bbox 141 1067 1129 1381">
     <span class='ocr_line' id='line_1_9' title="bbox 141 1067 1129 1142; baseline 0.005 -19"><span class='ocrx_word' id='word_1_78' title='bbox 141 1088 193 1142; x_wconf 80' lang='lat' dir='ltr'><strong>ego</strong></span> <span class='ocrx_word' id='word_1_79' title='bbox 205 1070 283 1122; x_wconf 84' lang='lat' dir='ltr'><strong>aelim</strong></span> <span class='ocrx_word' id='word_1_80' title='bbox 298 1068 438 1134; x_wconf 74' lang='lat' dir='ltr'><strong>etfaciam</strong></span> <span class='ocrx_word' id='word_1_81' title='bbox 451 1067 557 1130; x_wconf 84' lang='lat' dir='ltr'><strong>lutens,</strong></span> <span class='ocrx_word' id='word_1_82' title='bbox 582 1067 627 1118; x_wconf 90' lang='lat' dir='ltr'><strong>sed</strong></span> <span class='ocrx_word' id='word_1_83' title='bbox 648 1084 698 1136; x_wconf 82' lang='lat' dir='ltr'><strong>ega</strong></span> <span class='ocrx_word' id='word_1_84' title='bbox 715 1069 764 1121; x_wconf 81' lang='lat' dir='ltr'><strong>iseo</strong></span> <span class='ocrx_word' id='word_1_85' title='bbox 781 1069 888 1120; x_wconf 81' lang='lat' dir='ltr'><strong>sarium</strong></span> <span class='ocrx_word' id='word_1_86' title='bbox 910 1070 968 1122; x_wconf 91' lang='lat' dir='ltr'><strong>dica</strong></span> <span class='ocrx_word' id='word_1_87' title='bbox 990 1090 1068 1140; x_wconf 85' lang='lat' dir='ltr'><strong><em>quum</em></strong></span> <span class='ocrx_word' id='word_1_88' title='bbox 1087 1076 1129 1128; x_wconf 86' lang='lat' dir='ltr'><strong>itti</strong></span> 
     </span>
     <span class='ocr_line' id='line_1_10' title="bbox 143 1150 1129 1222; baseline 0.002 -12"><span class='ocrx_word' id='word_1_89' title='bbox 143 1156 252 1210; x_wconf 88' lang='lat' dir='ltr'><strong>cuidam</strong></span> <span class='ocrx_word' id='word_1_90' title='bbox 268 1154 341 1218; x_wconf 89' lang='lat' dir='ltr'><strong>dico,</strong></span> <span class='ocrx_word' id='word_1_91' title='bbox 356 1157 541 1222; x_wconf 82' lang='lat' dir='ltr'><strong>praemonstro</strong></span> <span class='ocrx_word' id='word_1_92' title='bbox 560 1150 610 1203; x_wconf 81' lang='lat' dir='ltr'><strong>titi</strong></span> <span class='ocrx_word' id='word_1_93' title='bbox 629 1156 681 1205; x_wconf 88' lang='lat' dir='ltr'><strong>etc.</strong></span> <span class='ocrx_word' id='word_1_94' title='bbox 715 1151 791 1205; x_wconf 81' lang='lat' dir='ltr'><strong>Asin.</strong></span> <span class='ocrx_word' id='word_1_95' title='bbox 806 1151 832 1218; x_wconf 81' lang='lat' dir='ltr'><strong>is,</strong></span> <span class='ocrx_word' id='word_1_96' title='bbox 848 1152 931 1218; x_wconf 89' lang='grc'>1,16.</span> <span class='ocrx_word' id='word_1_97' title='bbox 953 1173 985 1208; x_wconf 90' lang='lat' dir='ltr'><strong>aa</strong></span> <span class='ocrx_word' id='word_1_98' title='bbox 1002 1174 1043 1210; x_wconf 87' lang='lat' dir='ltr'><strong>res</strong></span> <span class='ocrx_word' id='word_1_99' title='bbox 1058 1162 1129 1213; x_wconf 87' lang='lat' dir='ltr'><strong>maie</strong></span> 
     </span>
     <span class='ocr_line' id='line_1_11' title="bbox 141 1220 1128 1319; baseline 0.001 -23"><span class='ocrx_word' id='word_1_100' title='bbox 141 1242 239 1319; x_wconf 66' lang='lat' dir='ltr'><strong>naim:</strong></span> <span class='ocrx_word' id='word_1_101' title='bbox 260 1256 292 1293; x_wconf 89' lang='lat' dir='ltr'><strong>ac</strong></span> <span class='ocrx_word' id='word_1_102' title='bbox 305 1255 359 1291; x_wconf 87' lang='lat' dir='ltr'><strong>non</strong></span> <span class='ocrx_word' id='word_1_103' title='bbox 374 1254 413 1304; x_wconf 88' lang='lat' dir='ltr'><strong>eo,</strong></span> <span class='ocrx_word' id='word_1_104' title='bbox 432 1237 496 1307; x_wconf 84' lang='lat' dir='ltr'><strong>quin</strong></span> <span class='ocrx_word' id='word_1_105' title='bbox 508 1235 559 1293; x_wconf 84' lang='lat' dir='ltr'><strong>tibi</strong></span> <span class='ocrx_word' id='word_1_106' title='bbox 571 1220 626 1290; x_wconf 69' lang='lat' dir='ltr'><strong>nia</strong></span> <span class='ocrx_word' id='word_1_107' title='bbox 641 1236 754 1306; x_wconf 78' lang='lat' dir='ltr'><strong>cupiam,</strong></span> <span class='ocrx_word' id='word_1_108' title='bbox 773 1254 840 1305; x_wconf 87' lang='lat' dir='ltr'><strong>quae</strong></span> <span class='ocrx_word' id='word_1_109' title='bbox 850 1238 930 1292; x_wconf 80' lang='lat' dir='ltr'><strong>aeiiss</strong></span> <span class='ocrx_word' id='word_1_110' title='bbox 950 1258 1040 1295; x_wconf 87' lang='lat' dir='ltr'><strong>aerum</strong></span> <span class='ocrx_word' id='word_1_111' title='bbox 1048 1244 1128 1297; x_wconf 90' lang='lat' dir='ltr'><strong>istam</strong></span> 
     </span>
     <span class='ocr_line' id='line_1_12' title="bbox 141 1344 213 1381; baseline -0.028 0"><span class='ocrx_word' id='word_1_112' title='bbox 141 1344 213 1381; x_wconf 84' lang='lat' dir='ltr'><strong>ama.</strong></span> 
     </span>
    </p>
   </div>
   <div class='ocr_carea' id='block_1_5' title="bbox 93 1419 1138 1963">
    <p class='ocr_par' dir='ltr' id='par_1_6' title="bbox 93 1419 1138 1756">
     <span class='ocr_line' id='line_1_13' title="bbox 156 1419 1126 1509; baseline 0.001 -15"><span class='ocrx_word' id='word_1_113' title='bbox 156 1433 191 1494; x_wconf 85' lang='lat'><strong>7.</strong></span> <span class='ocrx_word' id='word_1_114' title='bbox 216 1426 254 1492; x_wconf 89' lang='lat' dir='ltr'><strong>In</strong></span> <span class='ocrx_word' id='word_1_115' title='bbox 270 1424 416 1491; x_wconf 86' lang='lat' dir='ltr'><strong>formula</strong></span> <span class='ocrx_word' id='word_1_116' title='bbox 433 1445 503 1490; x_wconf 85' lang='lat' dir='ltr'><strong>non</strong></span> <span class='ocrx_word' id='word_1_117' title='bbox 518 1421 551 1491; x_wconf 84' lang='lat' dir='ltr'><strong>si</strong></span> <span class='ocrx_word' id='word_1_118' title='bbox 564 1457 607 1475; x_wconf 89' lang='grc'>-</span> <span class='ocrx_word' id='word_1_119' title='bbox 623 1445 662 1490; x_wconf 88' lang='lat' dir='ltr'><strong>ea</strong></span> <span class='ocrx_word' id='word_1_120' title='bbox 686 1419 863 1490; x_wconf 79' lang='lat' dir='ltr'><strong>cohaerent</strong></span> <span class='ocrx_word' id='word_1_121' title='bbox 877 1426 975 1494; x_wconf 84' lang='lat' dir='ltr'><strong>verba</strong></span> <span class='ocrx_word' id='word_1_122' title='bbox 990 1452 1059 1494; x_wconf 85' lang='lat' dir='ltr'><strong>nan</strong></span> <span class='ocrx_word' id='word_1_123' title='bbox 1077 1454 1126 1509; x_wconf 87' lang='lat' dir='ltr'><strong>ea,</strong></span> 
     </span>
     <span class='ocr_line' id='line_1_14' title="bbox 93 1509 1128 1605; baseline -0.003 -22"><span class='ocrx_word' id='word_1_124' title='bbox 93 1536 160 1605; x_wconf 75' lang='lat' dir='ltr'><strong>[use</strong></span> <span class='ocrx_word' id='word_1_125' title='bbox 182 1511 370 1603; x_wconf 84' lang='lat' dir='ltr'><strong>significent</strong></span> <span class='ocrx_word' id='word_1_126' title='bbox 387 1535 457 1576; x_wconf 85' lang='lat' dir='ltr'><strong>aaa</strong></span> <span class='ocrx_word' id='word_1_127' title='bbox 472 1522 672 1598; x_wconf 84' lang='lat' dir='ltr'><strong>propterea.</strong></span> <span class='ocrx_word' id='word_1_128' title='bbox 722 1509 908 1577; x_wconf 82' lang='lat' dir='ltr'><strong>Attrahitnr</strong></span> <span class='ocrx_word' id='word_1_129' title='bbox 931 1524 1040 1578; x_wconf 76' lang='lat' dir='ltr'><strong>cirtem</strong></span> <span class='ocrx_word' id='word_1_130' title='bbox 1065 1538 1128 1580; x_wconf 89' lang='lat' dir='ltr'><strong>ne-</strong></span> 
     </span>
     <span class='ocr_line' id='line_1_15' title="bbox 93 1594 1138 1689; baseline 0.001 -22"><span class='ocrx_word' id='word_1_131' title='bbox 93 1604 164 1689; x_wconf 66' lang='lat' dir='ltr'><strong>gstio</strong></span> <span class='ocrx_word' id='word_1_132' title='bbox 189 1598 461 1665; x_wconf 74' lang='lat' dir='ltr'><strong>aconiuncuone</strong></span> <span class='ocrx_word' id='word_1_133' title='bbox 475 1598 525 1682; x_wconf 84' lang='lat' dir='ltr'><strong>si,</strong></span> <span class='ocrx_word' id='word_1_134' title='bbox 547 1608 579 1664; x_wconf 90' lang='lat' dir='ltr'><strong>et</strong></span> <span class='ocrx_word' id='word_1_135' title='bbox 598 1594 795 1685; x_wconf 68' lang='lat' dir='ltr'><strong>exprimitur</strong></span> <span class='ocrx_word' id='word_1_136' title='bbox 813 1618 924 1685; x_wconf 81' lang='lat' dir='ltr'><strong><em>caussa</em></strong></span> <span class='ocrx_word' id='word_1_137' title='bbox 938 1600 999 1665; x_wconf 85' lang='lat' dir='ltr'><strong>sub</strong></span> <span class='ocrx_word' id='word_1_138' title='bbox 1014 1599 1138 1668; x_wconf 83' lang='lat' dir='ltr'><strong>forma·</strong></span> 
     </span>
     <span class='ocr_line' id='line_1_16' title="bbox 93 1686 372 1756; baseline -0.014 -2"><span class='ocrx_word' id='word_1_139' title='bbox 93 1686 285 1756; x_wconf 79' lang='lat' dir='ltr'><strong>auditionis.</strong></span> <span class='ocrx_word' id='word_1_140' title='bbox 370 1694 372 1698; x_wconf 73' lang='lat'>‘</span> 
     </span>
    </p>

    <p class='ocr_par' dir='ltr' id='par_1_7' title="bbox 143 1801 1127 1963">
     <span class='ocr_line' id='line_1_17' title="bbox 179 1801 1127 1879; baseline 0.002 -17"><span class='ocrx_word' id='word_1_141' title='bbox 179 1808 268 1862; x_wconf 81' lang='lat' dir='ltr'><strong>Verso</strong></span> <span class='ocrx_word' id='word_1_142' title='bbox 285 1805 320 1859; x_wconf 84' lang='lat' dir='ltr'><strong>de</strong></span> <span class='ocrx_word' id='word_1_143' title='bbox 332 1802 413 1875; x_wconf 80' lang='lat' dir='ltr'><strong>ling.</strong></span> <span class='ocrx_word' id='word_1_144' title='bbox 428 1803 477 1859; x_wconf 87' lang='lat' dir='ltr'><strong>let.</strong></span> <span class='ocrx_word' id='word_1_145' title='bbox 492 1801 518 1871; x_wconf 78' lang='lat'><strong>4,</strong></span> <span class='ocrx_word' id='word_1_146' title='bbox 533 1803 560 1872; x_wconf 91' lang='grc'><strong>1,</strong></span> <span class='ocrx_word' id='word_1_147' title='bbox 576 1803 602 1860; x_wconf 86' lang='grc'><strong>4.</strong></span> <span class='ocrx_word' id='word_1_148' title='bbox 625 1822 680 1860; x_wconf 84' lang='lat' dir='ltr'><strong>nou</strong></span> <span class='ocrx_word' id='word_1_149' title='bbox 692 1804 718 1860; x_wconf 86' lang='lat' dir='ltr'><strong>si</strong></span> <span class='ocrx_word' id='word_1_150' title='bbox 730 1822 784 1860; x_wconf 88' lang='lat' dir='ltr'><strong>nan</strong></span> <span class='ocrx_word' id='word_1_151' title='bbox 794 1810 907 1878; x_wconf 79' lang='lat' dir='ltr'><strong>patuere</strong></span> <span class='ocrx_word' id='word_1_152' title='bbox 922 1805 1072 1879; x_wconf 84' lang='lat' dir='ltr'><strong>indagare,</strong></span> <span class='ocrx_word' id='word_1_153' title='bbox 1096 1827 1127 1864; x_wconf 88' lang='lat' dir='ltr'><strong>ea</strong></span> 
     </span>
     <span class='ocr_line' id='line_1_18' title="bbox 143 1891 1091 1963; baseline -0.001 -12"><span class='ocrx_word' id='word_1_154' title='bbox 143 1908 192 1951; x_wconf 81' lang='lat' dir='ltr'><strong>era</strong></span> <span class='ocrx_word' id='word_1_155' title='bbox 204 1893 326 1948; x_wconf 72' lang='lat' dir='ltr'><strong>tardiore</strong></span> <span class='ocrx_word' id='word_1_156' title='bbox 344 1892 391 1947; x_wconf 88' lang='lat' dir='ltr'><strong>sed</strong></span> <span class='ocrx_word' id='word_1_157' title='bbox 405 1892 517 1944; x_wconf 81' lang='lat' dir='ltr'><strong>uelocior</strong></span> <span class='ocrx_word' id='word_1_158' title='bbox 532 1891 608 1957; x_wconf 86' lang='lat' dir='ltr'><strong>idea,</strong></span> <span class='ocrx_word' id='word_1_159' title='bbox 625 1893 651 1945; x_wconf 87' lang='lat' dir='ltr'><strong>si</strong></span> <span class='ocrx_word' id='word_1_160' title='bbox 664 1892 792 1963; x_wconf 82' lang='lat' dir='ltr'><strong>quievero.</strong></span> <span class='ocrx_word' id='word_1_161' title='bbox 826 1892 891 1946; x_wconf 76' lang='lat' dir='ltr'><strong>Alie</strong></span> <span class='ocrx_word' id='word_1_162' title='bbox 905 1891 969 1946; x_wconf 80' lang='lat' dir='ltr'><strong>ride</strong></span> <span class='ocrx_word' id='word_1_163' title='bbox 979 1895 1008 1946; x_wconf 88' lang='lat' dir='ltr'><strong>in</strong></span> <span class='ocrx_word' id='word_1_164' title='bbox 1023 1912 1091 1951; x_wconf 86' lang='lat' dir='ltr'><strong>nan.</strong></span> 
     </span>
    </p>
   </div>
   <div class='ocr_carea' id='block_1_6' title="bbox 93 2013 1148 2967">
    <p class='ocr_par' dir='ltr' id='par_1_8' title="bbox 93 2013 1148 2967">
     <span class='ocr_line' id='line_1_19' title="bbox 149 2013 1127 2104; baseline 0.001 -19"><span class='ocrx_word' id='word_1_165' title='bbox 149 2020 192 2097; x_wconf 70' lang='lat' dir='ltr'><strong>d.</strong></span> <span class='ocrx_word' id='word_1_166' title='bbox 217 2015 366 2097; x_wconf 80' lang='lat' dir='ltr'><strong>Qualitas</strong></span> <span class='ocrx_word' id='word_1_167' title='bbox 386 2013 526 2079; x_wconf 82' lang='lat' dir='ltr'><strong>ducrum</strong></span> <span class='ocrx_word' id='word_1_168' title='bbox 547 2037 662 2081; x_wconf 86' lang='lat' dir='ltr'><strong>rerum</strong></span> <span class='ocrx_word' id='word_1_169' title='bbox 681 2016 869 2102; x_wconf 78' lang='lat' dir='ltr'><strong>comparari</strong></span> <span class='ocrx_word' id='word_1_170' title='bbox 891 2028 1004 2104; x_wconf 87' lang='lat' dir='ltr'><strong>potest</strong></span> <span class='ocrx_word' id='word_1_171' title='bbox 1020 2018 1127 2086; x_wconf 85' lang='lat' dir='ltr'><strong>verbis</strong></span> 
     </span>
     <span class='ocr_line' id='line_1_20' title="bbox 93 2100 1148 2191; baseline 0 -20"><span class='ocrx_word' id='word_1_172' title='bbox 93 2126 116 2171; x_wconf 84' lang='lat' dir='ltr'><strong>a</strong></span> <span class='ocrx_word' id='word_1_173' title='bbox 132 2138 177 2157; x_wconf 73' lang='grc' dir='ltr'><strong>ι-</strong></span> <span class='ocrx_word' id='word_1_174' title='bbox 193 2124 268 2191; x_wconf 85' lang='lat' dir='ltr'><strong>quo.</strong></span> <span class='ocrx_word' id='word_1_175' title='bbox 310 2100 399 2167; x_wconf 88' lang='lat' dir='ltr'><strong>Hnee</strong></span> <span class='ocrx_word' id='word_1_176' title='bbox 423 2103 513 2166; x_wconf 85' lang='lat' dir='ltr'><strong>enirn</strong></span> <span class='ocrx_word' id='word_1_177' title='bbox 536 2101 796 2189; x_wconf 76' lang='lat' dir='ltr'><strong>magnitudinem</strong></span> <span class='ocrx_word' id='word_1_178' title='bbox 814 2101 865 2165; x_wconf 84' lang='lat' dir='ltr'><strong>vei</strong></span> <span class='ocrx_word' id='word_1_179' title='bbox 885 2103 1047 2169; x_wconf 80' lang='lat' dir='ltr'><strong>ambitum</strong></span> <span class='ocrx_word' id='word_1_180' title='bbox 1067 2106 1148 2171; x_wconf 57' lang='lat' dir='ltr'><strong>den</strong></span> 
     </span>
     <span class='ocr_line' id='line_1_21' title="bbox 93 2182 1129 2274; baseline 0.003 -21"><span class='ocrx_word' id='word_1_181' title='bbox 93 2188 276 2269; x_wconf 80' lang='lat' dir='ltr'><strong>eminant,</strong></span> <span class='ocrx_word' id='word_1_182' title='bbox 301 2186 344 2253; x_wconf 74' lang='lat' dir='ltr'><strong>‚in</strong></span> <span class='ocrx_word' id='word_1_183' title='bbox 367 2185 446 2250; x_wconf 83' lang='lat' dir='ltr'><strong>dem</strong></span> <span class='ocrx_word' id='word_1_184' title='bbox 464 2182 617 2274; x_wconf 73' lang='lat' dir='ltr'><strong>Maestae,</strong></span> <span class='ocrx_word' id='word_1_185' title='bbox 647 2187 686 2257; x_wconf 79' lang='lat' dir='ltr'><strong>in</strong></span> <span class='ocrx_word' id='word_1_186' title='bbox 708 2185 877 2253; x_wconf 69' lang='lat' dir='ltr'><strong>melotem.</strong></span> <span class='ocrx_word' id='word_1_187' title='bbox 917 2188 986 2251; x_wconf 89' lang='lat' dir='ltr'><strong>Nec</strong></span> <span class='ocrx_word' id='word_1_188' title='bbox 1009 2191 1129 2256; x_wconf 86' lang='lat' dir='ltr'><strong>absur-</strong></span> 
     </span>
     <span class='ocr_line' id='line_1_22' title="bbox 93 2269 1129 2359; baseline -0.002 -20"><span class='ocrx_word' id='word_1_189' title='bbox 93 2276 160 2343; x_wconf 78' lang='lat' dir='ltr'><strong>in&#39;m</strong></span> <span class='ocrx_word' id='word_1_190' title='bbox 174 2282 263 2339; x_wconf 86' lang='lat' dir='ltr'><strong>esset</strong></span> <span class='ocrx_word' id='word_1_191' title='bbox 278 2269 405 2336; x_wconf 80' lang='lat' dir='ltr'><strong><em>dicere:</em></strong></span> <span class='ocrx_word' id='word_1_192' title='bbox 441 2269 500 2335; x_wconf 82' lang='lat' dir='ltr'><strong>ille</strong></span> <span class='ocrx_word' id='word_1_193' title='bbox 518 2284 568 2336; x_wconf 81' lang='lat' dir='ltr'><strong>est</strong></span> <span class='ocrx_word' id='word_1_194' title='bbox 588 2295 627 2336; x_wconf 89' lang='lat' dir='ltr'><strong>ec</strong></span> <span class='ocrx_word' id='word_1_195' title='bbox 639 2269 769 2359; x_wconf 78' lang='lat' dir='ltr'><strong>sortis,</strong></span> <span class='ocrx_word' id='word_1_196' title='bbox 803 2295 866 2359; x_wconf 86' lang='lat' dir='ltr'><strong>quo</strong></span> <span class='ocrx_word' id='word_1_197' title='bbox 881 2271 1047 2339; x_wconf 79' lang='lat' dir='ltr'><strong>robustas.</strong></span> <span class='ocrx_word' id='word_1_198' title='bbox 1085 2280 1129 2340; x_wconf 87' lang='lat' dir='ltr'><strong>At</strong></span> 
     </span>
     <span class='ocr_line' id='line_1_23' title="bbox 93 2356 1129 2443; baseline -0.002 -16"><span class='ocrx_word' id='word_1_199' title='bbox 93 2384 156 2429; x_wconf 81' lang='lat' dir='ltr'><strong>uus</strong></span> <span class='ocrx_word' id='word_1_200' title='bbox 170 2358 254 2425; x_wconf 81' lang='lat' dir='ltr'><strong>heca</strong></span> <span class='ocrx_word' id='word_1_201' title='bbox 266 2356 454 2437; x_wconf 79' lang='lat' dir='ltr'><strong>restrinxit,</strong></span> <span class='ocrx_word' id='word_1_202' title='bbox 478 2367 510 2420; x_wconf 88' lang='lat' dir='ltr'><strong>et</strong></span> <span class='ocrx_word' id='word_1_203' title='bbox 525 2357 564 2421; x_wconf 88' lang='lat' dir='ltr'><strong>ad</strong></span> <span class='ocrx_word' id='word_1_204' title='bbox 580 2378 686 2421; x_wconf 89' lang='lat' dir='ltr'><strong><em>unum</em></strong></span> <span class='ocrx_word' id='word_1_205' title='bbox 709 2358 969 2443; x_wconf 87' lang='lat' dir='ltr'><strong>comparativum</strong></span> <span class='ocrx_word' id='word_1_206' title='bbox 994 2383 1129 2425; x_wconf 84' lang='lat' dir='ltr'><strong>nocom-</strong></span> 
     </span>
     <span class='ocr_line' id='line_1_24' title="bbox 93 2442 1130 2530; baseline -0.004 -15"><span class='ocrx_word' id='word_1_207' title='bbox 93 2446 245 2527; x_wconf 81' lang='lat' dir='ltr'><strong>nodnvit,</strong></span> <span class='ocrx_word' id='word_1_208' title='bbox 271 2442 555 2530; x_wconf 83' lang='lat' dir='ltr'><strong><em>quemadmodum</em></strong></span> <span class='ocrx_word' id='word_1_209' title='bbox 578 2454 676 2508; x_wconf 85' lang='lat' dir='ltr'><strong>tanto</strong></span> <span class='ocrx_word' id='word_1_210' title='bbox 691 2478 736 2506; x_wconf 87' lang='lat'><strong>-·-.</strong></span> <span class='ocrx_word' id='word_1_211' title='bbox 752 2454 878 2529; x_wconf 74' lang='lat' dir='ltr'><strong>qssaata</strong></span> <span class='ocrx_word' id='word_1_212' title='bbox 901 2443 1030 2509; x_wconf 83' lang='lat' dir='ltr'><strong>dicitur.</strong></span> <span class='ocrx_word' id='word_1_213' title='bbox 1075 2447 1130 2512; x_wconf 89' lang='lat' dir='ltr'><strong>Sic</strong></span> 
     </span>
     <span class='ocr_line' id='line_1_25' title="bbox 93 2527 1130 2615; baseline -0.005 -14"><span class='ocrx_word' id='word_1_214' title='bbox 93 2555 195 2611; x_wconf 82' lang='lat' dir='ltr'><strong>susus</strong></span> <span class='ocrx_word' id='word_1_215' title='bbox 213 2532 342 2597; x_wconf 84' lang='lat' dir='ltr'><strong>exsistit</strong></span> <span class='ocrx_word' id='word_1_216' title='bbox 362 2528 541 2593; x_wconf 87' lang='lat' dir='ltr'><strong>verborum</strong></span> <span class='ocrx_word' id='word_1_217' title='bbox 565 2552 624 2593; x_wconf 87' lang='lat' dir='ltr'><strong>um</strong></span> <span class='ocrx_word' id='word_1_218' title='bbox 645 2552 683 2593; x_wconf 85' lang='lat' dir='ltr'><strong>so</strong></span> <span class='ocrx_word' id='word_1_219' title='bbox 706 2528 773 2594; x_wconf 80' lang='lat' dir='ltr'><strong>niel</strong></span> <span class='ocrx_word' id='word_1_220' title='bbox 792 2530 888 2594; x_wconf 75' lang='lat' dir='ltr'><strong>mehr</strong></span> <span class='ocrx_word' id='word_1_221' title='bbox 904 2567 945 2577; x_wconf 97' lang='lat'><em>-</em></span> <span class='ocrx_word' id='word_1_222' title='bbox 967 2527 1001 2610; x_wconf 78' lang='lat' dir='ltr'><strong>je</strong></span> <span class='ocrx_word' id='word_1_223' title='bbox 1023 2532 1130 2615; x_wconf 76' lang='lat' dir='ltr'><strong>mehr,</strong></span> 
     </span>
     <span class='ocr_line' id='line_1_26' title="bbox 93 2615 1131 2703; baseline -0.003 -19"><span class='ocrx_word' id='word_1_224' title='bbox 93 2620 279 2687; x_wconf 78' lang='lat' dir='ltr'><strong>emehr-</strong></span> <span class='ocrx_word' id='word_1_225' title='bbox 295 2615 390 2680; x_wconf 87' lang='lat' dir='ltr'><strong>desta</strong></span> <span class='ocrx_word' id='word_1_226' title='bbox 415 2615 519 2679; x_wconf 78' lang='lat' dir='ltr'><strong>mehr.</strong></span> <span class='ocrx_word' id='word_1_227' title='bbox 571 2616 680 2702; x_wconf 86' lang='lat' dir='ltr'><strong><em>Atque</em></strong></span> <span class='ocrx_word' id='word_1_228' title='bbox 704 2615 821 2680; x_wconf 87' lang='lat' dir='ltr'><strong>dicitur</strong></span> <span class='ocrx_word' id='word_1_229' title='bbox 842 2618 941 2680; x_wconf 88' lang='lat' dir='ltr'><strong>etiam</strong></span> <span class='ocrx_word' id='word_1_230' title='bbox 965 2630 1131 2703; x_wconf 83' lang='lat' dir='ltr'><strong>quantum</strong></span> 
     </span>
     <span class='ocr_line' id='line_1_27' title="bbox 93 2701 1131 2792; baseline -0.004 -21"><span class='ocrx_word' id='word_1_231' title='bbox 93 2718 187 2784; x_wconf 87' lang='lat' dir='ltr'><strong>-e&#39;a,</strong></span> <span class='ocrx_word' id='word_1_232' title='bbox 211 2712 338 2792; x_wconf 84' lang='lat' dir='ltr'><strong>quanto</strong></span> <span class='ocrx_word' id='word_1_233' title='bbox 356 2739 401 2750; x_wconf 89' lang='lat'>-</span> <span class='ocrx_word' id='word_1_234' title='bbox 415 2722 464 2765; x_wconf 89' lang='lat' dir='ltr'><strong>eo.</strong></span> <span class='ocrx_word' id='word_1_235' title='bbox 511 2701 603 2765; x_wconf 90' lang='lat' dir='ltr'><strong>Ordo</strong></span> <span class='ocrx_word' id='word_1_236' title='bbox 620 2723 719 2783; x_wconf 83' lang='lat' dir='ltr'><strong>vero,</strong></span> <span class='ocrx_word' id='word_1_237' title='bbox 748 2722 814 2788; x_wconf 88' lang='lat' dir='ltr'><strong>quo</strong></span> <span class='ocrx_word' id='word_1_238' title='bbox 838 2712 948 2788; x_wconf 86' lang='lat' dir='ltr'><strong>partes</strong></span> <span class='ocrx_word' id='word_1_239' title='bbox 971 2703 1131 2767; x_wconf 83' lang='lat' dir='ltr'><strong>orationis</strong></span> 
     </span>
     <span class='ocr_line' id='line_1_28' title="bbox 93 2786 1131 2885; baseline -0.005 -27"><span class='ocrx_word' id='word_1_240' title='bbox 93 2792 318 2879; x_wconf 67' lang='lat' dir='ltr'><strong>deponuntur,</strong></span> <span class='ocrx_word' id='word_1_241' title='bbox 348 2811 387 2852; x_wconf 89' lang='lat' dir='ltr'><strong>eo</strong></span> <span class='ocrx_word' id='word_1_242' title='bbox 404 2787 455 2851; x_wconf 87' lang='lat' dir='ltr'><strong>vel</strong></span> <span class='ocrx_word' id='word_1_243' title='bbox 475 2797 549 2851; x_wconf 85' lang='lat' dir='ltr'><strong>ante</strong></span> <span class='ocrx_word' id='word_1_244' title='bbox 571 2786 622 2853; x_wconf 85' lang='lat' dir='ltr'><strong>vel</strong></span> <span class='ocrx_word' id='word_1_245' title='bbox 642 2797 718 2873; x_wconf 87' lang='lat' dir='ltr'><strong>post</strong></span> <span class='ocrx_word' id='word_1_246' title='bbox 743 2810 807 2874; x_wconf 86' lang='lat' dir='ltr'><strong><em>qua</em></strong></span> <span class='ocrx_word' id='word_1_247' title='bbox 829 2787 956 2885; x_wconf 83' lang='lat' dir='ltr'><strong>posito,</strong></span> <span class='ocrx_word' id='word_1_248' title='bbox 979 2787 1131 2875; x_wconf 89' lang='lat' dir='ltr'><strong>plerum·</strong></span> 
     </span>
     <span class='ocr_line' id='line_1_29' title="bbox 93 2872 908 2967; baseline -0.01 -24"><span class='ocrx_word' id='word_1_249' title='bbox 93 2898 144 2967; x_wconf 70' lang='lat' dir='ltr'><strong>quc</strong></span> <span class='ocrx_word' id='word_1_250' title='bbox 161 2902 180 2943; x_wconf 87' lang='lat' dir='ltr'><strong>n</strong></span> <span class='ocrx_word' id='word_1_251' title='bbox 197 2876 352 2963; x_wconf 85' lang='lat' dir='ltr'><strong>gravitate</strong></span> <span class='ocrx_word' id='word_1_252' title='bbox 368 2883 400 2937; x_wconf 93' lang='lat' dir='ltr'><strong>et</strong></span> <span class='ocrx_word' id='word_1_253' title='bbox 415 2873 563 2960; x_wconf 87' lang='lat' dir='ltr'><strong>pondere</strong></span> <span class='ocrx_word' id='word_1_254' title='bbox 577 2872 757 2937; x_wconf 84' lang='lat' dir='ltr'><strong>sententiae</strong></span> <span class='ocrx_word' id='word_1_255' title='bbox 772 2883 908 2959; x_wconf 75' lang='lat' dir='ltr'><strong>regitur.</strong></span> 
     </span>
    </p>
   </div>
   <div class='ocr_carea' id='block_1_7' title="bbox 142 2991 1131 3236">
    <p class='ocr_par' dir='ltr' id='par_1_9' title="bbox 142 2991 1131 3236">
     <span class='ocr_line' id='line_1_30' title="bbox 147 2991 1131 3066; baseline -0.002 -17"><span class='ocrx_word' id='word_1_256' title='bbox 147 3026 155 3035; x_wconf 90' lang='lat'><em>-</em></span> <span class='ocrx_word' id='word_1_257' title='bbox 184 2996 267 3066; x_wconf 79' lang='lat' dir='ltr'><strong>Quod</strong></span> <span class='ocrx_word' id='word_1_258' title='bbox 279 2992 466 3049; x_wconf 75' lang='lat' dir='ltr'><strong>schwartzius</strong></span> <span class='ocrx_word' id='word_1_259' title='bbox 480 2991 602 3063; x_wconf 82' lang='lat' dir='ltr'><strong>negavit,</strong></span> <span class='ocrx_word' id='word_1_260' title='bbox 618 3010 648 3046; x_wconf 91' lang='lat' dir='ltr'><strong>eo</strong></span> <span class='ocrx_word' id='word_1_261' title='bbox 664 3020 699 3033; x_wconf 84' lang='lat'><em>-</em></span> <span class='ocrx_word' id='word_1_262' title='bbox 715 2992 853 3063; x_wconf 86' lang='lat' dir='ltr'><strong>quoidam</strong></span> <span class='ocrx_word' id='word_1_263' title='bbox 867 3009 927 3053; x_wconf 79' lang='lat' dir='ltr'><strong>osse</strong></span> <span class='ocrx_word' id='word_1_264' title='bbox 945 2993 1016 3061; x_wconf 82' lang='lat' dir='ltr'><strong>quod</strong></span> <span class='ocrx_word' id='word_1_265' title='bbox 1031 3002 1131 3065; x_wconf 89' lang='lat' dir='ltr'><strong>quanta</strong></span> 
     </span>
     <span class='ocr_line' id='line_1_31' title="bbox 144 3076 1131 3146; baseline 0 -11"><span class='ocrx_word' id='word_1_266' title='bbox 144 3088 296 3146; x_wconf 85' lang='lat' dir='ltr'><strong>-tanta,</strong></span> <span class='ocrx_word' id='word_1_267' title='bbox 323 3077 465 3133; x_wconf 82' lang='lat' dir='ltr'><strong>Ernestius</strong></span> <span class='ocrx_word' id='word_1_268' title='bbox 486 3095 541 3131; x_wconf 91' lang='lat' dir='ltr'><strong>non</strong></span> <span class='ocrx_word' id='word_1_269' title='bbox 566 3077 625 3131; x_wconf 87' lang='lat' dir='ltr'><strong>sine</strong></span> <span class='ocrx_word' id='word_1_270' title='bbox 648 3077 720 3131; x_wconf 80' lang='lat' dir='ltr'><strong>iuste</strong></span> <span class='ocrx_word' id='word_1_271' title='bbox 744 3093 842 3131; x_wconf 83' lang='lat' dir='ltr'><strong>cuussu</strong></span> <span class='ocrx_word' id='word_1_272' title='bbox 866 3076 1024 3134; x_wconf 81' lang='lat' dir='ltr'><strong>nifirmnvit.</strong></span> <span class='ocrx_word' id='word_1_273' title='bbox 1058 3081 1131 3135; x_wconf 83' lang='lat' dir='ltr'><strong>Num</strong></span> 
     </span>
     <span class='ocr_line' id='line_1_32' title="bbox 142 3160 902 3236; baseline -0.008 -12"><span class='ocrx_word' id='word_1_274' title='bbox 142 3174 264 3236; x_wconf 71' lang='lat' dir='ltr'><strong>unoque</strong></span> <span class='ocrx_word' id='word_1_275' title='bbox 279 3164 412 3219; x_wconf 79' lang='lat' dir='ltr'><strong>vocabula</strong></span> <span class='ocrx_word' id='word_1_276' title='bbox 428 3161 501 3215; x_wconf 88' lang='lat' dir='ltr'><strong>ratio</strong></span> <span class='ocrx_word' id='word_1_277' title='bbox 515 3162 712 3232; x_wconf 77' lang='lat' dir='ltr'><strong>magnitudinis</strong></span> <span class='ocrx_word' id='word_1_278' title='bbox 731 3160 902 3231; x_wconf 81' lang='lat' dir='ltr'><strong>exprimitur.</strong></span> 
     </span>
    </p>
   </div>
   <div class='ocr_carea' id='block_1_8' title="bbox 143 3265 1131 3851">
    <p class='ocr_par' dir='ltr' id='par_1_10' title="bbox 143 3265 1131 3851">
     <span class='ocr_line' id='line_1_33' title="bbox 181 3265 1131 3338; baseline 0 -15"><span class='ocrx_word' id='word_1_279' title='bbox 181 3271 270 3324; x_wconf 83' lang='lat' dir='ltr'><strong><em>Vama</em></strong></span> <span class='ocrx_word' id='word_1_280' title='bbox 285 3269 319 3323; x_wconf 90' lang='lat' dir='ltr'><strong>de</strong></span> <span class='ocrx_word' id='word_1_281' title='bbox 332 3270 375 3322; x_wconf 87' lang='lat' dir='ltr'><strong>Re</strong></span> <span class='ocrx_word' id='word_1_282' title='bbox 389 3286 412 3320; x_wconf 90' lang='lat' dir='ltr'><strong>r.</strong></span> <span class='ocrx_word' id='word_1_283' title='bbox 424 3266 449 3332; x_wconf 89' lang='grc'><strong>1,</strong></span> <span class='ocrx_word' id='word_1_284' title='bbox 460 3265 503 3320; x_wconf 87' lang='grc'><strong>32.</strong></span> <span class='ocrx_word' id='word_1_285' title='bbox 521 3283 588 3337; x_wconf 86' lang='lat' dir='ltr'><strong>quae</strong></span> <span class='ocrx_word' id='word_1_286' title='bbox 602 3284 631 3320; x_wconf 91' lang='lat' dir='ltr'><strong>ea</strong></span> <span class='ocrx_word' id='word_1_287' title='bbox 640 3266 832 3333; x_wconf 78' lang='lat' dir='ltr'><strong>fructuosiores</strong></span> <span class='ocrx_word' id='word_1_288' title='bbox 839 3268 924 3334; x_wconf 86' lang='lat' dir='ltr'><strong>fiunt,</strong></span> <span class='ocrx_word' id='word_1_289' title='bbox 943 3286 994 3338; x_wconf 90' lang='lat' dir='ltr'><strong><em>qua</em></strong></span> <span class='ocrx_word' id='word_1_290' title='bbox 1004 3266 1131 3323; x_wconf 79' lang='lat' dir='ltr'><strong>calidiore</strong></span> 
     </span>
     <span class='ocr_line' id='line_1_34' title="bbox 143 3351 1131 3425; baseline -0.005 -13"><span class='ocrx_word' id='word_1_291' title='bbox 143 3364 223 3413; x_wconf 80' lang='lat' dir='ltr'><strong>terra</strong></span> <span class='ocrx_word' id='word_1_292' title='bbox 239 3362 342 3408; x_wconf 88' lang='lat' dir='ltr'><strong>aratur.</strong></span> <span class='ocrx_word' id='word_1_293' title='bbox 379 3351 436 3406; x_wconf 82' lang='lat' dir='ltr'><strong>Cic.</strong></span> <span class='ocrx_word' id='word_1_294' title='bbox 453 3352 487 3405; x_wconf 87' lang='lat' dir='ltr'><strong>sd</strong></span> <span class='ocrx_word' id='word_1_295' title='bbox 501 3352 556 3405; x_wconf 79' lang='lat' dir='ltr'><strong>Aa.</strong></span> <span class='ocrx_word' id='word_1_296' title='bbox 570 3351 613 3417; x_wconf 89' lang='lat'><strong>11,</strong></span> <span class='ocrx_word' id='word_1_297' title='bbox 629 3351 671 3405; x_wconf 93' lang='lat'><strong>11.</strong></span> <span class='ocrx_word' id='word_1_298' title='bbox 693 3368 806 3422; x_wconf 86' lang='lat' dir='ltr'><strong>quarum</strong></span> <span class='ocrx_word' id='word_1_299' title='bbox 819 3368 907 3404; x_wconf 89' lang='lat' dir='ltr'><strong>rerum</strong></span> <span class='ocrx_word' id='word_1_300' title='bbox 920 3371 949 3407; x_wconf 90' lang='lat' dir='ltr'><strong>ea</strong></span> <span class='ocrx_word' id='word_1_301' title='bbox 963 3357 1077 3425; x_wconf 79' lang='lat' dir='ltr'><strong>grauior</strong></span> <span class='ocrx_word' id='word_1_302' title='bbox 1091 3359 1131 3406; x_wconf 84' lang='lat' dir='ltr'><strong>est</strong></span> 
     </span>
     <span class='ocr_line' id='line_1_35' title="bbox 145 3432 1130 3510; baseline -0.003 -16"><span class='ocrx_word' id='word_1_303' title='bbox 145 3442 232 3507; x_wconf 83' lang='lat' dir='ltr'><strong>datar,</strong></span> <span class='ocrx_word' id='word_1_304' title='bbox 254 3458 302 3510; x_wconf 90' lang='lat' dir='ltr'><strong><em>qua</em></strong></span> <span class='ocrx_word' id='word_1_305' title='bbox 318 3439 395 3507; x_wconf 82' lang='lat' dir='ltr'><strong>culpa</strong></span> <span class='ocrx_word' id='word_1_306' title='bbox 413 3439 507 3491; x_wconf 89' lang='lat' dir='ltr'><strong>maior.</strong></span> <span class='ocrx_word' id='word_1_307' title='bbox 532 3455 558 3505; x_wconf 84' lang='lat' dir='ltr'><strong>p.</strong></span> <span class='ocrx_word' id='word_1_308' title='bbox 578 3432 671 3505; x_wconf 80' lang='lat' dir='ltr'><strong>Quint.</strong></span> <span class='ocrx_word' id='word_1_309' title='bbox 683 3435 710 3501; x_wconf 86' lang='lat' dir='ltr'><strong>u,</strong></span> <span class='ocrx_word' id='word_1_310' title='bbox 724 3434 767 3488; x_wconf 88' lang='grc'><strong>32.</strong></span> <span class='ocrx_word' id='word_1_311' title='bbox 791 3454 869 3504; x_wconf 88' lang='lat' dir='ltr'><strong><em>quum</em></strong></span> <span class='ocrx_word' id='word_1_312' title='bbox 883 3465 919 3476; x_wconf 93' lang='lat'>-</span> <span class='ocrx_word' id='word_1_313' title='bbox 938 3456 998 3507; x_wconf 86' lang='lat' dir='ltr'><strong>spes</strong></span> <span class='ocrx_word' id='word_1_314' title='bbox 1010 3444 1076 3491; x_wconf 89' lang='lat' dir='ltr'><strong>esset</strong></span> <span class='ocrx_word' id='word_1_315' title='bbox 1092 3439 1130 3491; x_wconf 86' lang='lat' dir='ltr'><strong>ad</strong></span> 
     </span>
     <span class='ocr_line' id='line_1_36' title="bbox 145 3518 1131 3590; baseline -0.006 -9"><span class='ocrx_word' id='word_1_316' title='bbox 145 3528 231 3581; x_wconf 79' lang='lat' dir='ltr'><strong>tatem</strong></span> <span class='ocrx_word' id='word_1_317' title='bbox 242 3533 332 3578; x_wconf 87' lang='lat' dir='ltr'><strong>tamen</strong></span> <span class='ocrx_word' id='word_1_318' title='bbox 344 3520 445 3587; x_wconf 84' lang='lat' dir='ltr'><strong>uirum,</strong></span> <span class='ocrx_word' id='word_1_319' title='bbox 463 3519 590 3586; x_wconf 84' lang='lat' dir='ltr'><strong>iadicem,</strong></span> <span class='ocrx_word' id='word_1_320' title='bbox 608 3518 744 3585; x_wconf 84' lang='lat' dir='ltr'><strong>veniendi,</strong></span> <span class='ocrx_word' id='word_1_321' title='bbox 762 3519 833 3586; x_wconf 88' lang='lat' dir='ltr'><strong>unde</strong></span> <span class='ocrx_word' id='word_1_322' title='bbox 849 3523 950 3590; x_wconf 83' lang='lat' dir='ltr'><strong>euplus</strong></span> <span class='ocrx_word' id='word_1_323' title='bbox 964 3520 1021 3590; x_wconf 81' lang='lat' dir='ltr'><strong>opis</strong></span> <span class='ocrx_word' id='word_1_324' title='bbox 1037 3526 1131 3588; x_wconf 75' lang='lat' dir='ltr'><strong>estser-</strong></span> 
     </span>
     <span class='ocr_line' id='line_1_37' title="bbox 147 3605 1130 3680; baseline -0.006 -15"><span class='ocrx_word' id='word_1_325' title='bbox 147 3618 206 3677; x_wconf 68' lang='grc' dir='ltr'>τοί,</span> <span class='ocrx_word' id='word_1_326' title='bbox 230 3627 280 3680; x_wconf 86' lang='lat' dir='ltr'><strong>quo</strong></span> <span class='ocrx_word' id='word_1_327' title='bbox 293 3608 380 3661; x_wconf 84' lang='lat' dir='ltr'><strong>minas</strong></span> <span class='ocrx_word' id='word_1_328' title='bbox 394 3607 523 3660; x_wconf 83' lang='lat' dir='ltr'><strong>attulisset</strong></span> <span class='ocrx_word' id='word_1_329' title='bbox 537 3607 662 3675; x_wconf 80' lang='lat' dir='ltr'><strong>gratiae,</strong></span> <span class='ocrx_word' id='word_1_330' title='bbox 687 3605 852 3675; x_wconf 81' lang='lat' dir='ltr'><strong>sponsionem</strong></span> <span class='ocrx_word' id='word_1_331' title='bbox 864 3609 956 3672; x_wconf 76' lang='lat' dir='ltr'><strong>facere</strong></span> <span class='ocrx_word' id='word_1_332' title='bbox 972 3606 1074 3661; x_wconf 83' lang='lat' dir='ltr'><strong>maluit.</strong></span> <span class='ocrx_word' id='word_1_333' title='bbox 1092 3607 1130 3661; x_wconf 81' lang='lat' dir='ltr'><strong>cd</strong></span> 
     </span>
     <span class='ocr_line' id='line_1_38' title="bbox 145 3689 1129 3760; baseline 0.001 -16"><span class='ocrx_word' id='word_1_334' title='bbox 145 3694 228 3749; x_wconf 70' lang='lat' dir='ltr'><strong>lium.</strong></span> <span class='ocrx_word' id='word_1_335' title='bbox 243 3691 269 3759; x_wconf 87' lang='grc'><strong>2,</strong></span> <span class='ocrx_word' id='word_1_336' title='bbox 286 3691 369 3757; x_wconf 88' lang='grc'>19,1.</span> <span class='ocrx_word' id='word_1_337' title='bbox 392 3709 421 3743; x_wconf 90' lang='lat' dir='ltr'><strong>eo</strong></span> <span class='ocrx_word' id='word_1_338' title='bbox 443 3689 622 3743; x_wconf 86' lang='lat' dir='ltr'><strong>iucundiorem</strong></span> <span class='ocrx_word' id='word_1_339' title='bbox 639 3689 706 3743; x_wconf 76' lang='lat' dir='ltr'><strong>mitri</strong></span> <span class='ocrx_word' id='word_1_340' title='bbox 723 3708 781 3745; x_wconf 89' lang='lat' dir='ltr'><strong>cam</strong></span> <span class='ocrx_word' id='word_1_341' title='bbox 796 3696 891 3744; x_wconf 83' lang='lat' dir='ltr'><strong>sortem</strong></span> <span class='ocrx_word' id='word_1_342' title='bbox 907 3692 1047 3760; x_wconf 83' lang='lat' dir='ltr'><strong>speratam</strong></span> <span class='ocrx_word' id='word_1_343' title='bbox 1055 3695 1129 3759; x_wconf 79' lang='lat' dir='ltr'><strong>fare,</strong></span> 
     </span>
     <span class='ocr_line' id='line_1_39' title="bbox 149 3770 991 3851; baseline -0.002 -20"><span class='ocrx_word' id='word_1_344' title='bbox 149 3798 202 3851; x_wconf 79' lang='lat' dir='ltr'><strong><em>qua</em></strong></span> <span class='ocrx_word' id='word_1_345' title='bbox 217 3779 315 3832; x_wconf 85' lang='lat' dir='ltr'><strong>diutius</strong></span> <span class='ocrx_word' id='word_1_346' title='bbox 330 3777 359 3829; x_wconf 90' lang='lat' dir='ltr'><strong>in</strong></span> <span class='ocrx_word' id='word_1_347' title='bbox 370 3776 510 3847; x_wconf 83' lang='lat' dir='ltr'><strong>prouincia</strong></span> <span class='ocrx_word' id='word_1_348' title='bbox 522 3793 621 3828; x_wconf 86' lang='lat' dir='ltr'><strong>mecum</strong></span> <span class='ocrx_word' id='word_1_349' title='bbox 632 3777 739 3842; x_wconf 78' lang='lat' dir='ltr'><strong>juisses.</strong></span> <span class='ocrx_word' id='word_1_350' title='bbox 753 3772 799 3829; x_wconf 77' lang='lat' dir='ltr'><strong>‘de</strong></span> <span class='ocrx_word' id='word_1_351' title='bbox 812 3776 876 3832; x_wconf 86' lang='lat' dir='ltr'><strong>Seu.</strong></span> <span class='ocrx_word' id='word_1_352' title='bbox 891 3771 934 3841; x_wconf 93' lang='grc'>31,</span> <span class='ocrx_word' id='word_1_353' title='bbox 949 3770 991 3829; x_wconf 72' lang='grc'><strong>31.</strong></span> 
     </span>
    </p>
   </div>
   <div class='ocr_carea' id='block_1_9' title="bbox 110 3876 1132 4202">
    <p class='ocr_par' dir='ltr' id='par_1_11' title="bbox 110 3876 1132 4202">
     <span class='ocr_line' id='line_1_40' title="bbox 182 3876 1132 3949; baseline -0.005 -13"><span class='ocrx_word' id='word_1_354' title='bbox 182 3881 244 3936; x_wconf 76' lang='lat' dir='ltr'><strong>Im.</strong></span> <span class='ocrx_word' id='word_1_355' title='bbox 260 3879 304 3948; x_wconf 77' lang='lat'><strong>44,</strong></span> <span class='ocrx_word' id='word_1_356' title='bbox 319 3877 383 3945; x_wconf 75' lang='grc'>’1,6.</span> <span class='ocrx_word' id='word_1_357' title='bbox 401 3886 427 3931; x_wconf 88' lang='lat' dir='ltr'><strong>at</strong></span> <span class='ocrx_word' id='word_1_358' title='bbox 440 3886 568 3947; x_wconf 85' lang='lat' dir='ltr'><strong>quantum</strong></span> <span class='ocrx_word' id='word_1_359' title='bbox 588 3876 738 3947; x_wconf 84' lang='lat' dir='ltr'><strong>procederet</strong></span> <span class='ocrx_word' id='word_1_360' title='bbox 759 3879 866 3949; x_wconf 77' lang='lat' dir='ltr'><strong>longius</strong></span> <span class='ocrx_word' id='word_1_361' title='bbox 888 3894 908 3931; x_wconf 90' lang='lat' dir='ltr'><strong><em>a</em></strong></span> <span class='ocrx_word' id='word_1_362' title='bbox 926 3877 1081 3944; x_wconf 72' lang='lat' dir='ltr'><strong>Thraciis,</strong></span> <span class='ocrx_word' id='word_1_363' title='bbox 1100 3894 1132 3931; x_wconf 85' lang='lat' dir='ltr'><strong>ee</strong></span> 
     </span>
     <span class='ocr_line' id='line_1_41' title="bbox 110 3954 1130 4043; baseline -0.007 -20"><span class='ocrx_word' id='word_1_364' title='bbox 110 3956 115 3965; x_wconf 48' lang='lat'><strong>¹</strong></span> <span class='ocrx_word' id='word_1_365' title='bbox 147 3954 277 4043; x_wconf 54' lang='lat' dir='ltr'><strong>memsam</strong></span> <span class='ocrx_word' id='word_1_366' title='bbox 300 3982 388 4019; x_wconf 87' lang='lat' dir='ltr'><strong>rerum</strong></span> <span class='ocrx_word' id='word_1_367' title='bbox 412 3963 527 4017; x_wconf 88' lang='lat' dir='ltr'><strong>amnium</strong></span> <span class='ocrx_word' id='word_1_368' title='bbox 550 3960 669 4033; x_wconf 83' lang='lat' dir='ltr'><strong>inopiam</strong></span> <span class='ocrx_word' id='word_1_369' title='bbox 687 3963 808 4018; x_wconf 68' lang='lat' dir='ltr'><strong>raucas.</strong></span> <span class='ocrx_word' id='word_1_370' title='bbox 834 3962 861 4029; x_wconf 88' lang='grc'><strong>3,</strong></span> <span class='ocrx_word' id='word_1_371' title='bbox 881 3958 924 4026; x_wconf 82' lang='grc'><strong>15,</strong></span> <span class='ocrx_word' id='word_1_372' title='bbox 945 3962 971 4015; x_wconf 90' lang='grc'><strong>2.</strong></span> <span class='ocrx_word' id='word_1_373' title='bbox 1005 3962 1032 4028; x_wconf 88' lang='grc'><strong>3,</strong></span> <span class='ocrx_word' id='word_1_374' title='bbox 1053 3960 1080 4028; x_wconf 80' lang='grc' dir='ltr'>Β,</span> <span class='ocrx_word' id='word_1_375' title='bbox 1102 3961 1130 4016; x_wconf 84' lang='grc'><strong>8.</strong></span> 
     </span>
     <span class='ocr_line' id='line_1_42' title="bbox 148 4047 1132 4123; baseline -0.003 -18"><span class='ocrx_word' id='word_1_376' title='bbox 148 4054 229 4123; x_wconf 79' lang='lat' dir='ltr'><strong><em>quu‘m</em></strong></span> <span class='ocrx_word' id='word_1_377' title='bbox 252 4052 408 4106; x_wconf 88' lang='lat' dir='ltr'><strong>circumacta</strong></span> <span class='ocrx_word' id='word_1_378' title='bbox 432 4048 540 4119; x_wconf 82' lang='lat' dir='ltr'><strong>agmine</strong></span> <span class='ocrx_word' id='word_1_379' title='bbox 568 4050 698 4115; x_wconf 80' lang='lat' dir='ltr'><strong>redirent,</strong></span> <span class='ocrx_word' id='word_1_380' title='bbox 744 4055 842 4120; x_wconf 88' lang='lat' dir='ltr'><strong>quanto</strong></span> <span class='ocrx_word' id='word_1_381' title='bbox 866 4047 973 4117; x_wconf 80' lang='lat' dir='ltr'><strong>longius</strong></span> <span class='ocrx_word' id='word_1_382' title='bbox 1004 4047 1038 4101; x_wconf 78' lang='lat' dir='ltr'><strong>ai</strong></span> <span class='ocrx_word' id='word_1_383' title='bbox 1065 4048 1132 4103; x_wconf 75' lang='lat' dir='ltr'><strong>urie</strong></span> 
     </span>
     <span class='ocr_line' id='line_1_43' title="bbox 148 4128 931 4202; baseline -0.014 -7"><span class='ocrx_word' id='word_1_384' title='bbox 148 4137 264 4194; x_wconf 74' lang='lat' dir='ltr'><strong>suma</strong></span> <span class='ocrx_word' id='word_1_385' title='bbox 280 4137 463 4201; x_wconf 78' lang='lat' dir='ltr'><strong>abscederent,</strong></span> <span class='ocrx_word' id='word_1_386' title='bbox 481 4148 510 4189; x_wconf 89' lang='lat' dir='ltr'><strong>es</strong></span> <span class='ocrx_word' id='word_1_387' title='bbox 525 4130 650 4188; x_wconf 80' lang='lat' dir='ltr'><strong>solutiore</strong></span> <span class='ocrx_word' id='word_1_388' title='bbox 665 4150 740 4189; x_wconf 84' lang='lat' dir='ltr'><strong>cura.</strong></span> <span class='ocrx_word' id='word_1_389' title='bbox 770 4132 872 4202; x_wconf 54' lang='grc'><strong>3133,</strong></span> <span class='ocrx_word' id='word_1_390' title='bbox 888 4128 931 4186; x_wconf 74' lang='lat'><strong>23.</strong></span> 
     </span>
    </p>
   </div>
   <div class='ocr_carea' id='block_1_10' title="bbox 0 0 1319 4770">
    <p class='ocr_par' dir='ltr' id='par_1_12' title="bbox 0 0 1319 4770">
     <span class='ocr_line' id='line_1_44' title="bbox 0 0 1319 4770; baseline 0 0"><span class='ocrx_word' id='word_1_391' title='bbox 0 0 1319 4770; x_wconf 95' lang='lat' dir='ltr'><strong> </strong></span> 
     </span>
    </p>
   </div>
  </div>
 </body>
</html>
