2618 4770
157 256 223 325 460
611 245 747 312 ERGO.

158 410 220 475 sita
241 417 328 471 sunt.
372 403 493 466 Sensus
518 401 607 466 enim
630 412 696 466 est:
725 399 806 488 quid
831 422 910 487 crgo
929 400 1183 488 hinocolligiturl
1209 454 1213 483 ,

65 504 70 515 ’
157 496 233 562 Hoc
249 489 345 591 pueri
362 497 516 574 possunt:
540 510 583 550 an
599 509 678 552 vero
697 488 757 551 viri
773 509 842 551 non
858 488 1042 575 poterunt?
1064 488 1186 574 Itemque

158 581 218 646 ubi
233 601 282 642 sin
309 576 406 638 ularis
422 575 469 637 vis
486 573 591 636 inest:
626 572 709 659 quid
723 596 807 660 ergo
825 572 901 638 est?
920 575 1006 660 quid
1023 597 1104 660 ergo
1112 571 1188 660 foci·

157 601 310 746 endum'l
332 661 480 724 maxime
501 660 536 723 in
561 659 754 746 occupanda
778 660 977 725 obiectione.
1025 661 1153 734 Siccis.
1165 684 1189 747 p.

158 753 261 819 Roso.
277 750 351 812 Am.
367 753 396 826 1,
408 751 440 810 2.
466 743 550 832 quid
564 744 672 831 ergo?
694 745 947 823 audacissimus
964 766 1030 832 ego
1047 747 1191 818 exomni-

159 833 246 902 bus?
284 833 437 900 Minime.
486 829 542 894 ubi
573 830 749 896 Schiitzius
780 831 868 898 male
897 833 1111 920 interpunxit
1135 834 1194 922 post

160 917 268 1012 quid?
285 943 319 1007 p.
335 920 430 983 Caec.
449 921 499 998 17,
515 919 569 982 50.

244 1062 287 1126 V.
316 1066 343 1123 1.
367 1056 543 1144 Duplicem
559 1055 708 1122 videmus
734 1077 805 1120 esse
825 1055 899 1137 vim,
916 1055 1098 1144 particulae
1112 1054 1144 1133 in
1158 1053 1193 1133 iis,
1220 1134 1224 1143 Ι

160 1167 247 1236 quae
271 1138 592 1230 argumentationem
616 1142 657 1206 ad
681 1141 787 1221 aliud,
818 1141 1005 1228 quodcum
1029 1138 1194 1205 antedictis

155 1232 354 1311 cohaereat,
384 1239 607 1316 promovent,
637 1239 735 1314 atque
758 1227 838 1293 haec
849 1227 955 1308 nova,
986 1227 1196 1314 quaeaddun·

158 1330 235 1400 tur,
252 1315 437 1382 necessario
454 1336 544 1380 nexu
560 1314 648 1378 inter
663 1336 697 1378 se
712 1314 888 1398 coniungi,
910 1313 1103 1377 ostendunt.
1131 1312 1196 1377 Par·

159 1404 261 1471 ticula
287 1404 377 1467 enim
399 1400 592 1487 praeposita
616 1410 648 1463 et
672 1400 969 1486 consequutionem
994 1399 1099 1462 totius
1119 1419 1198 1485 argu·
1228 1410 1235 1493 j

45 1541 49 1549 .
157 1489 370 1555 mentationis
389 1498 427 1550 et
448 1487 548 1574 simul
567 1487 794 1551 necessitatem
812 1506 926 1551 rerum
939 1485 1199 1574 consequentium

156 1575 289 1659 indicat.
602 1588 605 1593 '
792 1612 801 1663 j
959 1611 962 1615 ·
1105 1598 1110 1607 “
1164 1652 1167 1657 .

195 1666 199 1672 ’
264 1676 322 1729 (lic.
341 1671 501 1741 deLeg.2,
520 1669 607 1736 5,11.
632 1689 697 1742 ergo
719 1679 750 1724 ut
771 1670 821 1725 itta
843 1671 937 1726 divina
957 1689 1031 1726 mens
1050 1689 1153 1737 summe
1169 1672 1224 1733 Ιιι,

226 1769 281 1826 est,
303 1761 367 1812 item
381 1775 460 1826 qnam
477 1757 506 1808 in
524 1755 629 1808 nomiae
644 1762 698 1820 est,
717 1759 839 1825 perfecto
861 1765 901 1810 est
922 1759 953 1810 tn
972 1765 1059 1811 mente
1076 1756 1202 1827 sapientia.

221 1846 255 1898 In
277 1843 330 1896 his
344 1859 378 1894 cx
397 1839 585 1917 superioribus
607 1838 732 1906 procedit
754 1841 973 1909 argumentatio,
992 1847 1021 1894 et
1040 1841 1202 1895 contineam

224 1929 296 1980 duco
312 1922 463 1981 sententiae
481 1922 592 1992 aequali
606 1923 735 1977 veritatis·
749 1925 876 1993 vinculo,
896 1933 979 1996 etque
994 1916 1163 1999 affirmetur,
1176 1924 1203 1979 u

225 2011 321 2064 divina
337 2028 414 2063 meus
431 2009 467 2065 sit·
482 2026 589 2063 summe
602 2009 664 2074 lex,
695 2009 792 2062 eodem
807 2012 888 2064 modo
906 2028 968 2064 eem
981 2011 1011 2064 in
1024 2011 1202 2068 homineesso

123 2117 125 2120 ·
224 2098 379 2166 perfectam
401 2099 524 2146 mentem
545 2092 687 2161 sapientis.
727 2093 784 2149 Hic
799 2096 872 2147 enim
887 2087 928 2149 est
942 2113 1036 2149 sensus
1053 2097 1201 2168 verborum,

224 2197 314 2250 neque
325 2178 460 2233 assentior
477 2165 637 2247 Madvigii,
664 2177 910 2250 qnipostperfecta
920 2180 1082 2251 interpungi
1092 2181 1175 2236 intret.
1194 2245 1199 2248 ⁵

243 2289 276 2348 2.
298 2283 404 2351 Huius
421 2282 551 2368 generis
576 2291 624 2344 est
645 2281 915 2368 interrogationis
939 2307 976 2348 ee
997 2283 1128 2359 forma,
1170 2303 1211 2357 ιιι,

159 2390 203 2435 ex
221 2387 258 2433 su
288 2369 448 2432 erioribus
469 2367 637 2452 colligitur
660 2369 898 2454 argumentatio
914 2369 954 2434 de
971 2369 1099 2435 duabus
1114 2305 1202 2433 relus

160 2392 369 2541 aequalibus,
408 2452 459 2517 vel
490 2474 573 2537 quac
606 2475 708 2538 seque
733 2448 863 2540 'possint
892 2458 981 2537 esse,
1023 2477 1162 2542 quarum
1180 2456 1203 2518 si

126 2553 129 2563 ²
155 2541 258 2606 altera
275 2563 342 2604 esse
360 2537 579 2617 concedatur,
604 2539 792 2623 quaeritur,
821 2561 879 2604 our
900 2563 971 2604 non
996 2543 1088 2605 idem
1105 2556 1201 2626 aequo

156 2626 216 2692 vel
231 2627 357 2690 maiore
380 2626 461 2688 adeo
486 2625 557 2687 iure
581 2623 674 2687 alteri
688 2626 862 2688 tribuatur.
905 2627 980 2690 Vid.
998 2628 1101 2691 Tom.
1121 2633 1149 2689 1.
1172 2648 1199 2712 p.

156 2713 230 2778 349.
276 2713 519 2797 Comparantur
542 2708 624 2772 duae
640 2732 693 2772 res
710 2711 859 2796 aequales
880 2712 933 2776 vel
954 2713 1095 2788 similes,
1119 2711 1200 2797 quasi

157 2797 339 2873 absurdum
366 2798 425 2874 sit,
464 2794 528 2858 nisi
549 2794 601 2872 id,
632 2795 722 2879 quod
737 2797 771 2860 in
796 2798 897 2861 altera
922 2799 1033 2863 locum
1056 2799 1200 2864 habetet

156 2887 365 2970 agnoscitur,
392 2882 491 2945 etiam
506 2882 542 2944 in
565 2881 665 2944 altera
682 2880 793 2944 locum
811 2882 926 2947 habeat
951 2896 982 2948 et
999 2895 1196 2972 agnoscatur.

156 2971 270 3058 Logioi
294 2969 461 3055 appellant
487 2969 805 3052 argumentationem
830 2991 854 3031 a·
871 2971 1004 3034 minore
1028 2971 1069 3034 ad
1093 2970 1198 3047 maius,

154 3065 205 3137 et,
230 3067 267 3119 ut
290 3056 344 3118 alii
366 3055 512 3132 malunt,
538 3054 699 3116 amaiore
716 3054 756 3119 ad
772 3053 899 3116 minus:
924 3065 1105 3142 utrumque
1123 3075 1197 3132 vere,

155 3158 260 3228 quum
287 3141 439 3204 secedere
458 3138 588 3224 possit,
620 3138 709 3222 quod
734 3139 838 3224 magis
864 3140 1043 3221 miremur,
1073 3143 1197 3206 alteram

154 3249 227 3291 rem
253 3228 329 3290 satis
354 3228 420 3290 ism
445 3233 608 3287 constare.
661 3225 762 3303 Quod
786 3235 892 3287 tamen
919 3249 986 3290 non
1007 3251 1139 3314 semper
1158 3224 1197 3303 fit,

157 3312 253 3374 sicuti
281 3312 447 3374 existimat·
471 3309 606 3371 Beierus
631 3309 670 3371 ad
693 3311 760 3373 Cic.
787 3310 826 3373 de
851 3310 917 3373 Ol'l.
940 3319 969 3388 1,
994 3318 1048 3376 31.
1076 3331 1113 3398 pa
1136 3311 1197 3377 245.

153 3394 253 3482 Ergo
275 3407 306 3458 et
323 3395 452 3459 deducit
470 3395 789 3479 argumentationem
811 3419 850 3458 cx
867 3396 1153 3479 antecedentibus,
1172 3404 1197 3460 et

156 3482 259 3544 nectit
275 3482 444 3544 veritatem
463 3481 652 3564 utriusque,
682 3503 764 3564 quae
780 3483 977 3567 exponitur,
996 3485 1045 3547 rei
1062 3484 1196 3548 affirma·

113 3566 116 3571 ’
154 3569 263 3629 tione:
285 3563 596 3631 also-wirunt.
643 3565 754 3644 Quare
768 3590 901 3654 semper
922 3568 961 3632 ab
984 3571 1080 3636 initio
1101 3591 1195 3637 enun-

152 3651 296 3717 tiationis
315 3653 457 3739 ponitur.

259 3753 317 3806 Cic.
333 3754 415 3804 Tusc.
431 3753 456 3816 2,
469 3751 512 3816 17,
528 3750 571 3804 39.
589 3769 654 3821 ergo
671 3754 736 3804 haec
751 3760 891 3805 veteranus
908 3755 983 3806 miles
994 3759 1090 3820 facere
1101 3757 1195 3825 poterit,

223 3839 314 3891 doctas
339 3836 381 3888 vir
402 3839 556 3905 sapiensque
578 3854 632 3886 non
650 3837 772 3904 poterit?
791 3837 939 3901 Υ2,11,41..
969 3839 1117 3904 1,14,31.
1141 3855 1194 3908 crgo

221 3924 330 3976 arbores
351 3927 418 3972 seret
440 3922 556 3988 diligens
577 3920 715 3988 agricola,
753 3939 866 3988 quarum
887 3923 1016 3989 adspiciet
1041 3926 1133 3976 bacam
1151 3924 1194 3992 ipsc

220 4021 372 4074 numquam,
393 4002 436 4053 vir
450 4021 565 4073 magnus
580 4006 661 4073 leges,
680 4005 812 4069 instituta,
832 4007 1035 4074 rempublicam
1050 4026 1111 4086 aeg
1117 4002 1193 4060 ssrctl

219 4090 263 4145 ua
285 4087 437 4171 coddanon
452 4090 526 4145 serit.
552 4089 586 4143 (lo
608 4088 670 4144 Fir.
687 4088 713 4154 2,
732 4086 777 4155 33,
799 4089 859 4144 110.
885 4091 1192 4161 ergombertum
