2618 4770
94 264 159 331 aas
539 236 707 324 anona.

164 433 242 489 erge.
264 415 296 484 1,
310 414 344 480 l,
362 413 405 468 18.
422 429 467 468 ooo
482 414 667 468 binometotio
681 410 807 465 dioeodite
815 411 948 481 66611166.
976 409 1042 464 utta
1071 411 1133 483 Quid

163 502 262 557 ototio'l
295 499 396 553 Noliot.
429 499 474 552 lto
498 504 539 551 est
569 495 824 566 interpungendum.
858 496 927 549 Anto
949 494 1135 549 Heindorlln

167 588 363 642 eoniunxerunt
378 584 465 637 verbu
478 583 520 636 elo
535 584 598 652 qnid
611 582 709 636 etotio‘l
741 582 793 636 Illo
815 598 878 653 euin
893 578 1082 649 superioribus
1095 596 1136 633 oo·

106 720 109 724 .
163 671 278 744 pulavit.
314 671 370 724 Sed
382 675 465 738 poeta
480 684 589 720 cessare
603 667 693 733 videt,
712 683 779 736 quon
792 665 885 720 stetim
901 662 1135 718 1666616666ιί-

164 759 340 819 otimuvernt‚
369 755 485 823 ideoque
507 758 604 806 evocat
625 757 766 817 moratos,
784 748 929 820 16611666,
955 751 1021 820 pald
1043 748 1135 804 stetini

164 846 242 897 Poro.
255 838 289 906 5,
310 839 370 892 132.
385 839 427 892 oio
444 849 550 906 terge·
567 838 667 907 Negas.

201 947 271 999 stat.
292 941 361 995 Silv.
382 941 415 1006 1,
429 938 461 1005 2,
477 938 537 992 266.
565 939 609 992 eia
631 957 699 1009 ogo,
724 939 878 1009 praeclaros
900 937 979 990 totto
998 943 1135 1008 properato

103 1052 106 1058 ·
166 1037 279 1099 nepotes.
312 1024 503 1092 1616.1,568.
523 1025 582 1086 oio,
598 1023 714 1092 irrumpe
730 1022 862 1076 deoaoed
879 1021 920 1074 ibi
936 1020 1154 1076 uliieodtbein'

165 1131 234 1184 age,
255 1129 346 1180 rumpe
358 1126 463 1164 norw
483 1108 555 1176 qnod
569 1107 776 1160 restituendum.
809 1106 927 1175 corrige
948 1104 1050 1159 vitium
1071 1104 1133 1159 seri·

161 1197 244 1251 bendi
261 1197 295 1249 T.
311 1196 336 1248 l.
352 1213 378 1263 p.
394 1195 453 1248 212.
489 1193 582 1246 Sidon.
605 1191 724 1259 Apollin.
740 1190 789 1256 14,
803 1189 830 1243 6.
854 1192 912 1253 oio,
939 1191 1076 1260 06111666,
1098 1190 1133 1243 ni-

122 1300 135 1339 ·,
164 1289 236 1335 teoto
247 1283 341 1351 polono
355 1279 392 1333 do
406 1279 477 1334 66661
490 1278 576 1331 laticis
590 1277 784 1345 loquacitatem.
804 1276 840 1330 61.
854 1274 951 1328 Heium
967 1274 1092 1331 orout.
1104 1292 1136 1334 ox,

125 1356 135 1371 ⁴
164 1367 197 1420 P.
215 1366 249 1432 4,
265 1365 299 1429 3,
312 1364 356 1417 21.
1074 1372 1077 1377 ·

202 1467 262 1522 Non
275 1468 346 1518 bene
364 1463 485 1519 correxit
496 1461 627 1520 Heinsius
642 1462 721 1517 Ouid.
738 1463 805 1539 litet.
822 1463 849 1529 ²,
862 1458 922 1516 6116.
938 1469 983 1528 et,
999 1465 1052 1529 eta,
1070 1467 1131 1536 pute

166 1554 224 1622 poio
238 1569 279 1615 eo,
304 1551 414 1619 hospes,
432 1548 488 1613 ott,
503 1576 539 1589 —-
553 1548 650 1601 661666
673 1564 753 1619 nego.
795 1550 935 1604 Abhorret
955 1548 1012 1602 boo
1032 1551 1068 1603 ul>
1087 1566 1130 1605 non

167 1636 287 1707 antiqno.
323 1631 434 1703 optimo
447 1630 556 1688 oodioe'e
568 1639 600 1686 ot
611 1633 665 1690 illi.

179 1777 211 1841 7.
234 1768 380 1835 Valerius
394 1765 521 1834 Probus
540 1767 618 1833 lust.
635 1789 741 1856 gram·
764 1754 912 1853 61480.
935 1767 1131 1835 hortationis

96 1856 288 1923 interiectio
302 1854 375 1919 Eia
389 1865 524 1919 constat
539 1855 717 1934 trochaeo,
740 1864 773 1918 et
787 1855 869 1955 puio
890 1853 1066 1943 Virgilius
1083 1853 1131 1919 at-

96 1942 220 2006 timam
234 1938 362 2005 sciebat
378 1963 448 2004 esse
469 1937 614 2016 brevem,
639 1939 755 2027 ubique
771 1962 802 2004 ee
826 1941 975 2007 vocalem
989 1936 1131 2021 anthiecit,

96 2039 134 2090 at
150 2026 223 2092 Eia
237 2049 305 2112 age
318 2048 584 2113 rumpemus,
606 2037 640 2090 et
655 2024 772 2091 Hastis
787 2026 887 2093 adest
904 2028 971 2107 eia',
993 2014 1131 2113 ingenti.

96 2112 214 2177 Potest
230 2123 344 2176 tanuen
356 2112 394 2175 in
407 2111 607 2177 necessitate
615 2133 681 2198 pro
697 2111 803 2196 lon-go
843 2113 911 2177 oni.
942 2116 986 2176 At
1001 2130 1037 2198 p.
1048 2112 1132 2177 1421.

97 2198 299 2262 contrarium
333 2194 447 2262 docet:
477 2192 692 2283 eialoonstot
714 2134 881 2282 eporedia.-
910 2197 1035 2262 ultimo
1055 2216 1132 2261 snas

96 2281 231 2370 syllaba
246 2283 284 2346 ia
297 2282 543 2369 synaloepham
551 2281 656 2353 uadit
670 2281 797 2346 dnobus
814 2283 868 2346 liis
885 2281 1044 2364 versibus,
1066 2280 1132 2347 Eia

4 2372 7 2377 ’
97 2392 167 2455 age
182 2391 302 2455 segnes
316 2379 347 2431 et
361 2366 478 2433 Hostis
495 2367 593 2432 adest
611 2368 676 2431 eia.
705 2368 858 2432 Sidonius
874 2368 1020 2456 Apollin.
1040 2370 1090 2443 14,
1104 2371 1132 2433 o.

99 2476 202 2539 quum
226 2455 261 2516 in
284 2453 415 2541 reliquis
436 2452 715 2539 hendecasyllabis
738 2453 925 2543 spondeum
948 2455 1133 2538 praemitte-

96 2549 166 2614 ret,
199 2539 392 2625 produxisse
408 2537 536 2610 videtur
550 2537 701 2603 ultimam
726 2538 898 2626 syllabam.
943 2540 1008 2605 Sed
1031 2538 1133 2603 Valet.

96 2623 229 2776 {lappus
244 2623 375 2774 brzegpm
389 2624 502 2725 posuit
517 2626 556 2708 8,
575 2627 646 2689 110.
678 2623 723 2690 cf.
736 2625 868 2691 Vossius
883 2626 924 2690 de
937 2628 1019 2692 Arte
1035 2645 1132 2712 gram.

127 2758 138 2793 i
198 2731 257 2798 'P‘
338 2753 349 2774 ⁶

492 2896 736 2988 ELOCO.

182 3066 283 3132 Verbi
306 3084 421 3133 nnoco
446 3066 648 3132 mentionem
671 3089 740 3133 non
765 3065 928 3139 facerem,
951 3065 1014 3131 nisi
1039 3085 1137 3154 quos-

101 3151 176 3215 dam
192 3155 323 3216 criticos
342 3154 381 3215 nil
398 3152 514 3216 falsam
541 3155 733 3240 opinionem
749 3151 858 3240 lapsos
877 3153 1051 3234 vidissem,
1074 3172 1138 3215 esso

98 3237 190 3300 illam
217 3240 384 3322 antiquam
413 3237 560 3300 formam
585 3239 674 3302 verbi
704 3239 816 3310 illico,
858 3237 1139 3324 quemadmodum

98 3321 200 3405 ellam
217 3345 278 3408 pro
295 3322 392 3385 illam
419 3323 544 3387 dictum
569 3335 662 3399 esset.
707 3325 760 3387 Sic
783 3323 966 3388 Gulielmns
992 3323 1138 3387 Verisim.

97 3412 204 3482 2,13.
227 3408 281 3490 qni
306 3407 463 3494 explieat,
487 3431 556 3472 esse
578 3431 642 3497 pro
665 3431 703 3472 eo
727 3410 804 3472 loci.
855 3408 900 3476 Et
920 3408 1060 3473 Bothius
1083 3426 1141 3496 per

98 3502 208 3554 totum
223 3492 374 3555 Plautum
389 3493 479 3557 eloco
496 3495 642 3583 scripsit,
662 3494 719 3558 ubi
735 3504 823 3558 reolo
838 3495 963 3559 codices
983 3493 1142 3582 praebent

96 3577 202 3642 illico,
251 3577 326 3641 Duo
348 3588 425 3641 sunt
447 3579 545 3642 verba
569 3580 659 3644 eloco
683 3591 715 3642 et
737 3581 847 3656 illice,
883 3580 1033 3666 illudque
1060 3577 1159 3645 nihil·

99 3661 186 3728 aliud
204 3684 303 3748 qnam
321 3673 487 3729 eontracta
511 3665 621 3733 forma
645 3662 821 3731 verborum
849 3688 866 3731 e
891 3667 982 3744 1666,
1001 3667 1061 3730 ubi
1081 3686 1141 3755 pro

98 3746 252 3813 adverbio
297 3758 452 3818 onuntnr.
481 3747 523 3812 Et
537 3748 695 3836 significat
710 3754 848 3839 proprie
862 3750 930 3816 fere
944 3751 1035 3816 idem
1076 3748 1142 3816 uod

98 3836 137 3900 io
152 3834 236 3898 1666.
273 3771 419 3898 166666
439 3834 478 3898 de
498 3856 536 3899 eo
561 3835 624 3899 diei
648 3845 774 3923 potest,
798 3837 887 3924 quod
912 3859 954 3902 ex
977 3776 1140 3902 6661666·

97 3930 234 4008 apparet
252 3929 306 3982 aut
320 3918 546 4006 progreditur.
586 3924 710 4007 Atque,
730 3933 768 3986 ut
781 3925 925 4011 plurima
943 3922 1012 3988 looi
1027 3924 1140 3988 nomi-

97 4028 157 4083 na,
189 4004 230 4069 nd
254 4014 385 4092 tempus
414 4004 554 4070 relatum
582 4008 802 4095 usurpabatur
832 4009 872 4074 de
903 4020 1076 4096 tempore,
1106 4018 1142 4072 ut

99 4102 182 4155 esset
195 4089 336 4173 atatim,
354 4087 497 4159 uitiosa.
513 4090 579 4159 vid.
594 4092 703 4180 Viget.
719 4117 755 4183 p.
770 4095 844 4161 495.
867 4093 939 4184 ons
949 4095 1013 4160 der
1027 4095 1141 4162 Stelle.
