2618 4770
592 276 670 342 ET,
799 247 832 291 ⁸
1073 296 1159 358 467.
1246 308 1248 312 ·

101 431 293 510 sententiam,
315 451 358 495 an
381 429 423 495 ad
444 429 610 518 singulare
629 432 800 520 'quoddam
817 457 941 504 nomen
957 444 1130 529 pertineat,

101 521 133 585 :ui
150 519 350 604 adiungitur,

180 639 271 711 Saepe
282 637 314 719 ¹in
328 637 419 690 media
435 634 570 691 sententia
584 639 676 690 locum
692 634 786 694 habet.
804 640 848 695 vti.
865 642 957 700 Plaut.
975 648 1055 704 Cure.
1063 651 1088 718 1,
1103 654 1129 720 2,

142 722 184 777 25.
213 725 318 776 Bacch.
327 716 353 788 2,
369 722 395 791 3,
410 723 470 776 112,
499 722 554 776 Sed
570 724 641 792 qnod
657 724 686 775 in
698 725 751 776 fine
767 729 917 802 sententiae
933 731 1000 784 olim
1015 736 1130 804 legeba-

143 815 188 862 tur
217 807 288 865 Rud.
304 809 331 874 3,
347 810 372 874 2,
389 809 430 862 27.
456 810 528 862 bene
549 806 689 887 coniunxit
712 807 826 864 Reizins
850 812 911 867 eutii
928 819 1021 873 verbis
1037 824 1130 888 proxi-

141 893 194 948 mis
210 900 239 946 et
254 890 314 947 atil.
329 893 354 959 4,
370 894 396 959 2,
411 892 455 947 52.
473 892 675 946 Lindemannus
691 891 854 948 anctoritate
871 900 994 955 codicum
1010 907 1129 961 mutavit

140 979 170 1033 in
186 978 272 1032 credo·
307 980 414 1049 Tamen
431 977 506 1032 Asin.
523 978 549 1042 2,
563 977 589 1043 6,
599 977 659 1030 113.
676 977 740 1047 puin
754 988 785 1032 tu
800 980 1003 1052 officiamfacia
1016 1006 1081 1060 crgo
1096 1010 1129 1045 ao

132 1063 239 1135 fagis?
256 1064 332 1116 Pers.
348 1065 373 1128 1,
389 1063 415 1128 1,
431 1062 476 1117 35.
502 1064 566 1133 qaid
579 1078 649 1115 none
662 1063 701 1130 uis
715 1060 803 1134 ergo?
1076 1056 1081 1071 Χ
1113 1079 1115 1083 ’

116 1221 126 1234 --
155 1186 191 1265 ἑ)
216 1187 475 1250 Commutantur
486 1186 520 1249 in
536 1181 628 1248 libris
640 1207 738 1272 saepe
753 1206 814 1274 per
830 1186 1025 1276 compendii
1035 1190 1127 1262 simi·

101 1268 247 1349 tudinem
264 1294 348 1358 ergo
371 1283 404 1335 et
423 1296 496 1359 ega.
530 1271 585 1336 vd.
602 1269 774 1336 Drakenb.
790 1274 829 1337 ad
851 1275 918 1340 Liv.
935 1282 987 1357 37,
1003 1279 1055 1360 53,
1074 1288 1125 1346 11.

101 1378 236 1431 perena.
256 1357 294 1420 ad
313 1357 381 1421 Cic.
400 1358 440 1422 de
456 1357 526 1422 Fin.
545 1364 575 1433 2,
592 1361 623 1437 8,
642 1359 693 1422 24.
733 1359 839 1424 Beier.
859 1362 899 1425 ad
917 1362 983 1426 Cic.
1002 1364 1042 1428 de
1059 1364 1124 1433 Off.
1208 1392 1213 1401 ·

102 1490 114 1511 ι
128 1450 161 1511 20
186 1466 220 1532 p·
242 1448 313 1512 123·
347 1446 474 1507 GleSlUS
494 1442 533 1506 ad
552 1444 620 1507 Cle·
639 1443 678 1507 de
691 1440 798 1510 Dlvln.
820 1453 847 1526 l,
863 1454 916 1524 23,
931 1453 983 1512 46·
1013 1444 1124 1517 Klein·

101 1530 280 1597 lLambini
297 1529 387 1593 Tull.
401 1529 543 1617 Emend.
560 1550 593 1616 p.
610 1530 685 1592 496.
707 1540 738 1593 et
751 1527 872 1618 igitar.
889 1533 941 1596 vd.
952 1535 1123 1603 Drakenb.

101 1614 120 1687 Ι,
133 1612 209 1701 Liv.
228 1621 280 1693 21,
296 1615 351 1696 40,
368 1621 399 1680 6.
433 1617 597 1691 Goerenz.
615 1612 639 1679 1.
656 1613 680 1679 l.
699 1639 735 1704 p·
759 1614 834 1683 464.
857 1626 890 1684 et
915 1622 987 1687 159.
1017 1620 1123 1689 Beier·

101 1700 110 1767 l
127 1698 199 1767 Clu·
216 1701 257 1766 de
273 1696 341 1766 Off·
359 1707 391 1786 8,
406 1706 461 1766 20⁶
482 1719 515 1790 p·
529 1705 604 1767 3370
716 1730 717 1735 ’

546 1881 652 1974 ET.

129 2039 330 2132 ¹Originem
353 2038 532 2132 particulae
558 2055 605 2121 ET
625 2037 687 2118 alii,
707 2037 741 2105 in
763 2036 879 2110 litteris
903 2041 995 2114 verbi
1015 2046 1123 2138 graeci

120 2131 332 2219 transpositis
349 2133 604 2216 quaesiverunt,
631 2124 685 2192 alii
704 2126 738 2191 in
760 2131 1033 2219 inconspicuam
1054 2159 1123 2202 esse

101 2214 312 2299 istimarunt.
337 2213 413 2280 vid.
428 2213 535 2280 Vossii
552 2212 701 2301 Etymol.
721 2234 746 2276 s.
765 2214 799 2277 h.
818 2232 847 2280 v.
870 2213 1019 2306 Lennep.
1036 2221 1122 2308 Ety*

101 2298 150 2368 ol.
174 2299 235 2367 Gr.
255 2307 284 2368 1.
309 2323 343 2389 p.
369 2303 443 2366 297.
485 2301 528 2365 At
550 2295 702 2386 cognatio
733 2297 854 2365 horum
888 2302 1121 2370 vocabulorum

101 2388 315 2453 lundunam
333 2391 480 2474 stirpem,
488 2405 635 2473 graecam
652 2384 825 2451 referenda
845 2395 910 2470 cst,
941 2391 996 2455 sec'
1014 2394 1123 2455 cerni·

101 2496 179 2559 rea
197 2469 229 2543 in
247 2477 397 2558 uniuersa
415 2474 608 2560 copularum
627 2468 911 2556 conforrnatione,
935 2481 1018 2574 quae
1032 2478 1124 2540 mul-

101 2566 109 2625 i
138 2555 192 2625 vel
225 2557 561 2646 omnibus‘gcntibus
592 2559 779 2621 communis
810 2565 868 2623 est.
914 2561 968 2624 Sic
996 2575 1122 2626 veteres

101 2644 175 2711 sthi
198 2640 354 2717 dixerunt
377 2641 423 2721 it,
453 2638 568 2714 Graeci
590 2644 638 2726 ct,
661 2643 891 2730 quodfactum
912 2657 1056 2734 estque,
1090 2650 1145 2710 et'

101 2742 182 2797 :rsus
206 2735 274 2811 uni,
309 2737 405 2818 utque
427 2737 480 2812 et,
512 2728 612 2795 veluti
643 2729 770 2793 litterae
793 2731 907 2795 locam
930 2744 1062 2796 mutant
1085 2724 1120 2797 in
1149 2742 1150 2746 ’
1228 2778 1244 2819 Ι,

101 2816 140 2893 ric
160 2823 193 2881 et
220 2836 326 2881 meus.
368 2817 455 2882 Haec
485 2812 586 2902 igitur
618 2812 723 2902 magis
754 2813 938 2906 comparari
972 2826 1146 2904 possunt,

101 2901 317 2969 ramaeduci.

145 2985 316 3053 ¹Notiones
332 2991 363 3049 ct
379 2987 558 3051 sententiae
580 2989 636 3050 aut
653 2978 900 3072 coniunguntur
916 2980 1121 3072 simpliciter,

101 3076 125 3136 rt
141 3070 367 3161 adiunguntur
383 3073 583 3150 accessione,
597 3074 668 3143 =aut
684 3071 901 3158 iniungantur
917 3074 1121 3156 aequatione.

101 3162 173 3247 'que
197 3160 307 3224 Latini
330 3159 477 3245 propriis
498 3157 606 3223 verbis
636 3157 851 3242 distinguunt.
911 3152 997 3221 Nam
1022 3164 1123 3244 atque
1158 3211 1162 3215 .

101 3241 315 3331 scomponit
340 3265 381 3307 ex
404 3263 529 3330 aequo,
564 3259 626 3330 qtae
642 3250 750 3307 autern
774 3237 922 3329 adiungit
944 3240 994 3320 id,
1031 3239 1122 3330 quod

101 3326 215 3397 ionum
238 3336 294 3415 alut
322 3336 498 3393 externum
521 3324 624 3392 videri
649 3329 772 3416 possit,
812 3339 843 3392 et
858 3327 959 3415 ‘quod
984 3329 1121 3393 accedit.

101 3406 214 3482 'tuero
233 3412 406 3501 coniungit
419 3411 557 3503 simplici
577 3421 608 3477 et
624 3425 763 3479 externo
782 3431 871 3479 nexu
891 3417 1044 3480 notiones
1065 3416 1122 3479 uni

101 3502 192 3586 irioni
207 3499 462 3582 submittendas,
486 3510 518 3565 et
535 3503 577 3565 ita
594 3523 691 3588 saepe
711 3498 941 3582 cohaerentes,
967 3506 1004 3564 ut
1020 3516 1122 3564 tinam

101 3588 246 3663 itionem
262 3583 415 3655 efficiant.
461 3587 645 3672 Sedqnnrn
663 3582 743 3650 haec
759 3584 919 3674 particula
934 3587 1120 3673 simplicem

101 3671 319 3763 epulationem
336 3670 507 3754 exhibeat,
528 3671 610 3738 nihil
628 3672 785 3771 impedit,
811 3690 879 3759 quo
897 3668 1008 3735 minus
1024 3674 1122 3737 etiam
1173 3702 1175 3706 ·

101 3757 241 3825 romnis
256 3758 509 3847 complectatur,
534 3777 617 3844 quae
633 3760 703 3824 aliis
719 3754 786 3822 istis
803 3754 968 3824 vocabulis
986 3758 1124 3845 proprie

101 3840 297 3933 rsignentur,
343 3841 396 3909 Sic
418 3841 472 3924 fit,
504 3849 541 3906 ut
566 3853 598 3908 et
620 3862 683 3931 pro
706 3855 806 3932 atquc
857 3849 995 3917 anatur,
1028 3839 1124 3906 sicuti

101 3930 204 4019 cipro
221 3927 253 3996 at
262 3928 363 4012 ,2ubi,
382 3946 463 4016 quae
478 3929 635 4016 singulari
647 3932 776 4005 ratione
787 3863 961 3995 coliaerere
975 3931 1125 4015 possunt,

101 4017 269 4104 mpliciter
293 4019 556 4102 coniunguntur,
592 4020 689 4101 atque
711 4017 771 4080 ista
793 4017 895 4095 ratio,
941 4034 1008 4100 per·
1024 4019 1126 4098 atqrae

101 4100 299 4193 gnificanda,
316 4098 387 4187 aliis
402 4100 511 4170 verbis
528 4094 578 4169 vel
594 4102 710 4171 ordine
722 4102 898 4253 vegtpcrnm
915 4098 1125 4187 exprimitur·
1227 4154 1229 4159 .

187 4218 190 4223 ,
817 4192 835 4230 s
