2618 4770
532 274 749 357 EQVIDEM.
1099 286 1165 355 429

199 433 233 499 4.
266 431 333 498 Sed
356 429 456 495 etiam
482 432 606 497 alienae
626 454 679 498 res
702 452 780 497 vere
805 433 997 501 exsistentes
1023 440 1073 506 vel
1090 464 1167 509 vei-0

112 518 223 587 factae
243 516 309 582 hoe
331 518 436 581 modo
464 517 682 583 al'lirmantur.
726 517 773 583 Ilo
797 529 828 582 et
849 522 945 585 terlio
968 534 1001 587 et
1026 530 1167 595 sectanda

112 626 260 695 persona
283 604 430 669 aPlauto
450 613 481 667 et
497 604 656 668 Terentio
683 615 856 691 ponuntur
878 607 911 668 in
935 610 1048 673 mullis
1073 614 1167 690 locis,

113 712 202 789 quoe
224 701 256 755 et
278 700 404 755 veteres
433 699 464 752 et
485 691 682 754 recentiores
707 691 808 753 critici
839 693 1060 758 emendandos
1078 700 1167 778 rati,

112 788 201 841 arent
226 779 259 840 iu
281 776 351 840 aliis
368 774 542 860 antiquum
559 775 695 840 verbum
713 774 993 845 oblitteraverunt.
1035 781 1085 845 De
1103 806 1173 867 qua,

111 883 151 927 re
169 859 261 926 conf.
278 859 428 925 Gifanius
448 861 483 923 in
503 862 675 925 Observat.
700 867 735 945 p'.
752 862 805 924 82.
834 863 937 948 (170.)
981 864 1167 932 Schellerus

111 946 147 1013 iu
161 948 336 1012 Observat.
353 968 389 1031 p.
406 951 478 1010 111.
510 946 649 1011 llliseell.
664 946 801 1012 Observ.
816 945 858 1011 Τ.
876 953 907 1012 6.
923 972 957 1037 p.
972 953 1047 1017 555.
1071 953 1166 1018 Rud-

112 1032 265 1099 dimanu.
287 1032 330 1097 Τ.
348 1037 379 1095 1.
399 1053 434 1118 p.
451 1037 528 1097 822.

221 1183 313 1238 Pleu.
330 1183 409 1236 Peru.
421 1181 448 1248 4,
461 1182 489 1249 3,
501 1180 544 1236 tt.
572 1180 690 1254 equidem
704 1183 795 1255 edepol
814 1183 968 1252 liberaliet,
992 1190 1107 1261 quinquie
1121 1203 1167 1248 ert.

183 1268 266 1338 Epist.
282 1267 308 1332 4,
322 1268 349 1331 2,
365 1267 407 1320 33.
427 1270 614 1323 adolescentem
631 1271 748 1338 equidem
764 1272 886 1323 dicebaut
904 1275 1000 1326 emisse.
1018 1278 1122 1331 Bacch.
1139 1277 1166 1344 4,

182 1352 211 1421 0,
233 1350 277 1406 50.
302 1352 511 1421 quadringentae
528 1355 605 1420 filios
627 1355 722 1418 habet,
747 1363 827 1423 atque
845 1358 962 1423 equidem
984 1376 1071 1413 umnec
1090 1366 1168 1416 lectae

182 1434 241 1491 eine
253 1438 359 1506 probro.
387 1436 461 1489 Men.
477 1437 504 1503 2,
519 1438 544 1503 2,
560 1435 604 1491 35.
625 1439 726 1493 iaeauit
740 1440 783 1490 irie
797 1438 930 1508 equidem,
957 1442 1002 1509 qui
1015 1445 1070 1511 ipre
1086 1447 1170 1499 maie-

167 1518 252 1587 ¹dicit
267 1518 325 1573 eibi.
360 1519 421 1573 atu.
437 1519 463 1585 3,
482 1521 507 1588 1,
530 1520 574 1575 54.
601 1541 616 1575 a
639 1522 755 1592 lepidum
777 1524 902 1590 redicem,
927 1526 966 1590 ei,
991 1544 1056 1595 quae
1073 1547 1170 1583 meme·

183 1614 247 1670 rat,
272 1606 383 1657 uirtutee
405 1606 499 1658 habet.-
538 1613 618 1675 atque
647 1609 764 1676 equidem
783 1609 866 1677 plane
886 1608 1006 1663 eductum
1032 1611 1062 1665 iu
1081 1616 1172 1667 autri·

183 1695 248 1743 eatu
268 1689 384 1741 oeaeria.
418 1689 491 1741 Men.
508 1687 535 1755 3,
550 1689 577 1755 3,
592 1689 635 1743 27.
664 1690 694 1743 di
715 1709 756 1744 me
779 1693 896 1761 equidem
917 1712 1006 1747 emmer
1027 1697 1167 1753 adiuvant.

145 1842 150 1847 ·
185 1772 259 1830 Ruti.
274 1774 301 1841 3,
315 1770 342 1841 5,
354 1771 397 1827 43.
417 1774 482 1826 ltaec
496 1776 613 1843 equidem
624 1776 780 1841 Palaestra,
798 1795 864 1845 quae
874 1782 1021 1847 reqroudit,
1039 1800 1093 1835 aaa
1107 1802 1168 1837 mea

183 1867 232 1913 eet.
266 1856 380 1911 Reiziuc
395 1857 506 1925 scripsit
521 1856 631 1927 quidem.
657 1860 720 1913 Aut.
739 1858 764 1927 2,
781 1859 807 1924 l,
824 1859 865 1912 18.
890 1862 961 1916 decet
973 1867 1091 1933 equidem
1103 1885 1168 1921 vera

181 1943 314 2015 proloqui.
341 1942 426 2012 vulgo
446 1940 556 1994 additur
572 1949 614 1995 te.-
642 1941 692 1996 ulii
707 1942 786 1996 codd.
803 1943 916 2011 quidem.
943 1947 1105 2016 Turnat,
1124 1952 1167 2005 10.

184 2036 265 2097 atque
274 2028 391 2095 equidem
406 2027 478 2095 iprue
495 2027 567 2082 ultro
582 2027 654 2081 uenit
668 2027 757 2082 Plrilto
773 2034 877 2081 aratum
887 2030 959 2097 filie.
992 2032 1169 2089 Hermanuua

184 2108 262 2167 dedit
276 2118 355 2181 atque
368 2112 480 2181 quidem.

153 2226 161 2239 ⁸
220 2228 446 2295 utereturne,
463 2229 489 2294 2,
504 2226 530 2281 5.
552 2227 670 2296 equidem
691 2227 716 2280 ei
733 2228 783 2280 teir
796 2233 868 2294 tute,
895 2238 957 2298 quot
974 2234 1074 2289 trabeae
1088 2237 1168 2291 hodie

186 2317 289 2387 digitur
304 2310 334 2369 iu
348 2332 439 2369 mauu.
465 2313 554 2369 Stich.
568 2311 595 2378 4,
611 2312 637 2378 l,
653 2310 696 2366 48.
723 2313 787 2365 dum
809 2313 941 2383 equidem,
970 2318 1071 2383 lrercle,
1098 2324 1169 2390 quod

184 2404 286 2468 edant,
302 2400 401 2455 addar.
701 2398 704 2403 ¹

223 2516 337 2573 Terent.
350 2518 421 2571 Eua.
438 2514 464 2583 5,
478 2514 505 2583 4,
521 2516 564 2571 dl.
583 2515 690 2586 (5,14.)
711 2522 789 2587 atque
803 2516 921 2585 equidem
939 2525 1033 2572 orante
1045 2526 1077 2573 ut
1091 2538 1125 2574 ae
1139 2520 1170 2576 id

183 2608 298 2673 jaceret,
319 2601 430 2657 Thaide.
464 2603 616 2669 Bentleiue,
632 2602 752 2656 omnium
764 2602 897 2655 librorum
913 2618 1071 2657 conuentum
1086 2606 1168 2661 nihili

131 2706 139 2717 ’
186 2690 323 2760 pendeus,
353 2687 473 2740 correxit
499 2697 525 2741 et
544 2689 654 2758 quidem.
695 2688 798 2741 Ileaut.
813 2687 840 2751 3,
859 2687 885 2739 2.
904 2686 930 2740 i.
966 2705 1011 2743 cu.
1048 2691 1118 2755 Quid
1138 2699 1169 2745 tu

186 2772 266 2828 irtio?
296 2792 336 2827 er.
365 2776 446 2828 Recte
467 2775 592 2844 equidem.
628 2774 664 2824 Te
680 2773 810 2837 demirer,
833 2773 950 2825 Chreme.
984 2773 1113 2829 ltuenlm
1127 2782 1169 2832 eat

184 2857 444 2929 interpungendum.
467 2859 523 2914 eid.
537 2858 563 2925 5,
579 2858 605 2925 1,
620 2855 665 2910 24.

223 2978 282 3032 cic.
302 2980 384 3031 Tusa.
405 2976 432 3044 5,
450 2976 570 3044 35,100.
594 2981 698 3030 vertrae
719 2970 837 3047 equidem
851 2986 946 3031 coenae
967 2994 1021 3032 mem
1038 2980 1168 3034 selemim

181 3064 355 3135 prementia,
376 3064 515 3117 sedetiam
535 3069 639 3132 pestere
662 3056 705 3115 die
724 3062 856 3113 iucundae
876 3069 947 3115 ruat.
981 3062 1025 3115 ltu
1038 3063 1104 3117 boni
1122 3082 1168 3117 co*

187 3148 264 3203 dices
281 3148 420 3200 exhibent.
437 3147 471 3199 ud
482 3147 537 3200 att.
553 3146 596 3212 13,
611 3144 653 3198 20.
671 3138 790 3214 equidem
806 3146 928 3199 credibile
943 3164 998 3199 uem
1011 3155 1066 3213 eet,
1083 3168 1169 3217 quam-

186 3241 246 3287 tum
259 3233 371 3285 eerilraru
387 3233 438 3285 die.
464 3230 513 3283 ubi
528 3247 691 3302 quamquam
706 3230 792 3282 verba
808 3230 991 3297 praeceduute
1018 3238 1048 3283 tu
1065 3226 1170 3286 litterae

183 3318 324 3384 conficies:
354 3321 446 3367 tumen
468 3332 521 3366 nou
539 3314 656 3366 aliorum
673 3313 858 3366 admonitione
876 3312 976 3367 adduci
988 3328 1115 3384 percum,
1137 3321 1169 3370 ut

186 3400 353 3469 coniungam
367 3400 453 3453 rerba
472 3398 589 3469 equidem
612 3399 734 3452 ueritiam,
759 3397 788 3450 in
801 3397 915 3465 uiuet,
930 3396 974 3453 84.
1000 3416 1079 3467 quum
1097 3402 1169 3470 equi-

185 3486 247 3540 dem
268 3486 326 3538 tttt‘
340 3486 421 3539 etiam
443 3484 554 3538 ueeeerio
570 3484 629 3549 suit
649 3484 687 3535 ad
707 3499 794 3535 aecem
815 3484 932 3537 Platorii
951 3483 1092 3536 Pleuratae
1112 3487 1169 3538 eiue

184 3588 279 3625 eomee.
315 3568 362 3622 Sic
380 3570 456 3622 codd.
467 3567 582 3637 palatini
598 3573 626 3620 et
640 3567 735 3618 erfart.
748 3584 799 3619 nec
806 3567 903 3635 negari
916 3571 1022 3634 petent,
1039 3568 1169 3635 graviore

122 3682 125 3687 ·
185 3653 370 3709 affirmatione
391 3670 507 3706 nervum
529 3650 592 3704 addi
614 3650 748 3704 orationi:
765 3650 813 3703 ‘da
833 3653 863 3703 ia
885 3653 933 3703 der
954 3653 1027 3705 Titui
1045 3654 1082 3705 du
1099 3655 1169 3706 auele

118 3792 121 3799 ,
186 3740 246 3793 eine
259 3740 419 3809 Eiuleituag
427 3738 548 3806 sanderi.
575 3735 609 3789 ud
623 3736 678 3787 att.
694 3733 736 3798 13,
756 3732 799 3787 20.
816 3736 852 3787 eie
868 3752 934 3805 ager
951 3736 1046 3806 igitur.
1081 3739 1169 3806 Equi·

188 3826 248 3878 dem
262 3825 292 3876 id
303 3824 354 3876 erit
365 3824 495 3893 primumi
513 3821 659 3889 proximum
669 3819 786 3872 Clodiae.
819 3818 980 3871 Iamdudum
990 3827 1168 3874 correxerunt

187 3910 338 3979 etquidem.
372 3908 467 3975 Neque
477 3904 608 3968 absurda,
627 3903 754 3956 eedbona
765 3908 805 3956 ert
815 3902 951 3971 scriptura
963 3905 1041 3957 codd.
1055 3903 1168 3957 Pitheci
1270 3978 1274 3985 .

190 4001 221 4048 et
232 3992 374 4047 bernensis
387 3991 416 4043 in
428 3988 504 4043 Lacl.
520 3987 563 4051 22,
578 3986 620 4039 82.
639 3988 756 4054 equidem
774 3986 803 4039 ia
816 3988 916 4041 taliter
937 4005 985 4053 ea,
1005 4006 1084 4057 quam
1097 3988 1168 4041 iam-
1208 3988 1211 3993 ’
1259 3986 1285 4005 '‘
1301 3992 1304 3997 '

191 4080 291 4161 dudum
304 4085 462 4141 tractamur,
483 4058 617 4131 aucuia
631 4071 764 4128 amicitiae
777 4068 932 4139 confirmari
941 4078 1037 4145 patet.
1052 4068 1088 4127 de
1102 4070 1166 4129 liin.
1207 4088 1210 4095 ⁴
