2618 4770
549 267 678 337 EHEV·
1077 273 1140 339 869

104 442 165 491 nen
179 422 295 509 negari
309 421 435 509 nequit,
459 420 496 486 in
513 422 688 507 permultis
704 421 785 487 locis
803 421 844 488 ab
859 425 943 493 Aldo
959 434 992 492 et
1006 426 1048 492 ab
1066 427 1137 493 aliis

104 532 124 575 n
144 506 347 573 editionibus
366 508 447 574 elren
469 529 539 571 esse
565 530 629 594 pro
652 510 717 573 heo
738 518 772 573 et
792 509 858 575 lieu
880 511 945 575 lieu
966 513 1138 600 scriplum.

104 596 122 662 ii
132 592 227 680 quod
242 594 279 664 in
292 592 356 658 hac
371 606 409 664 r'o
424 591 583 657 iudicium
598 614 697 658 sensu
719 592 836 659 confici
856 606 985 682 potest,
1009 599 1044 663 in
1065 601 1136 683 qui·

104 678 227 746 uadum
241 678 345 759 locis,
366 678 560 775 ppaesertim
585 679 621 743 in
642 689 792 744 extremo
811 701 909 745 versu
932 692 965 746 et
983 682 1019 747 in
1039 683 1135 747 initio

104 766 286 846 anteatino,
318 764 421 827 nimia
444 785 513 828 essa
536 763 666 829 videtur
688 765 737 829 via
767 764 906 851 duplicis
936 768 1018 846 lieu,
1053 768 1137 833 sicut

104 850 173 941 pud
196 851 314 916 Horat.
338 849 405 914 sat.
429 852 467 929 1,
483 852 523 930 3,
539 853 590 913 66.
614 859 646 914 et
670 852 704 916 in
728 849 864 914 Anthol.
885 850 909 915 1.
926 851 948 917 l.
998 851 1036 917 In
1066 852 1136 919 aliis

104 934 243 1003 nanae
259 934 439 1024 particulae
463 934 660 1020 geminatio,
682 935 830 1000 maxime
851 958 886 1000 se
912 947 1008 1003 uente
1029 960 1136 1027 spon·

104 1044 162 1102 eo,
186 1020 391 1109 peculiarem
413 1017 515 1082 habet
536 1018 707 1107 leporem,
736 1021 786 1086 uti
813 1015 880 1087 iam
930 1022 1136 1089 roukliusius

104 1106 263 1173 dTibull.
285 1128 321 1192 p.
337 1104 388 1172 94.
408 1100 662 1189 animadvertit,¹
681 1104 747 1169 Sed
762 1126 866 1192 quum
881 1106 1033 1172 codicum
1051 1131 1136 1174 con-

104 1213 198 1259 enous
220 1191 419 1280 plerumque
433 1189 653 1269 desideretur,
675 1211 727 1256 res
749 1192 980 1278 ipsomanebit
1001 1193 1138 1277 incerto,
1167 1193 1170 1199 ’

104 1277 187 1344 rodo
210 1299 255 1344 ne
282 1286 397 1341 contra
421 1275 573 1341 codicum
598 1277 930 1342 auctorilotemelreu
957 1290 1140 1360 mutemus,

104 1384 146 1431 eu
163 1373 293 1430 temere
307 1371 508 1442 statuamus,
531 1361 658 1450 saepius
674 1361 825 1434 librarios
842 1362 926 1427 eheu
941 1363 977 1427 in
991 1365 1056 1429 lieu
1071 1364 1136 1429 lieu

104 1459 237 1517 rotasse.
280 1446 320 1512 In
336 1444 403 1510 fine
416 1466 573 1512 versuum
588 1468 722 1532 semper
737 1448 936 1517 servandum
953 1472 1022 1514 esse
1045 1449 1136 1517 vide-

104 1556 137 1601 ιι·
152 1534 251 1601 dna.
295 1531 554 1618 Oudendorpius
571 1532 612 1596 ad
622 1531 850 1617 ,ApuleiMec
864 1557 898 1621 p.
913 1534 987 1607 533.
1002 1535 1084 1599 adeo
1101 1537 1137 1599 in

104 1613 236 1710 ⁸egendo
250 1617 435 1769 processit,
453 1627 491 1680 ut
506 1616 710 1704 geminatum
724 1618 788 1682 lieu
802 1618 869 1687 heu
882 1639 1015 1683 merum
1038 1641 1135 1684 oom-

105 1717 237 1805 1entum
264 1702 465 1801 ibrariorum
482 1724 550 1767 esse
575 1712 740 1769 censeret:
763 1703 855 1790 quod
880 1705 1035 1791 equidem
1054 1727 1135 1793 pro-

104 1803 237 1858 nauare
249 1811 319 1854 nou
333 1810 450 1854 ausrm.

163 1874 333 1943 Bentleins
350 1873 391 1940 ad
407 1872 560 1937 Terentii
574 1869 712 1936 Phorm.
729 1878 759 1954 1,
773 1873 805 1953 4,
827 1877 878 1941 10.
898 1873 1068 1957 observat,
1089 1872 1136 1941 ibi

105 1962 186 2042 lm,
207 1972 247 2028 ut
261 1960 360 2040 alias,
382 1956 642 2045 monosyllabon
659 1979 737 2023 esse.
1067 1960 1070 1965 ’

189 2082 234 2137 cl.
251 2080 362 2134 Pierius
378 2085 406 2134 et
420 2078 576 2136 nomana..
585 2076 622 2130 od
635 2075 734 2144 Virgil.
751 2077 811 2131 Ecl.
825 2078 858 2145 2,
872 2076 916 2133 53.
933 2084 961 2134 ct
976 2080 1011 2133 ud
1025 2080 1137 2134 Patron.

142 2165 196 2221 34.
212 2167 310 2220 Burm.
332 2164 394 2217 Sec.
416 2162 577 2216 adAnthol.
594 2160 629 2212 Τ.
645 2160 671 2213 l.
692 2179 722 2229 p,
734 2160 795 2214 579.
814 2163 848 2216 Τ.
862 2163 888 2216 2.
910 2182 937 2232 p.
951 2162 1012 2217 528.
1032 2163 1136 2217 adho-

149 2251 221 2306 tlclr.
245 2269 274 2320 p.
295 2246 355 2301 lor.
400 2249 481 2316 Cruq.
507 2250 536 2300 et
556 2243 997 2315 aliiaoflorac.upoo.1o‚23.
1027 2246 1136 2305 Certim

149 2335 189 2390 ud
204 2334 273 2389 Sall
291 2334 353 2403 lug.
369 2332 418 2398 14,
437 2332 462 2385 9.
493 2331 517 2384 1.
531 2331 569 2383 Η.
590 2328 700 2385 Vossius
715 2328 753 2382 ud·
763 2329 845 2406 virg„
857 2330 916 2383 Eol.
931 2330 965 2394 2,
980 2326 1025 2386 ffl.
1041 2328 1135 2399 Sillig.

150 2419 189 2474 nd
207 2417 309 2473 cotun.
327 2436 355 2486 p.
370 2416 430 2470 283.
466 2413 672 2469 Bronlrhusium
694 2412 818 2481 seqnitur
839 2410 1082 2467 Drakenborclriue
1101 2413 1137 2466 ad

147 2502 204 2565 su
227 2503 290 2557 nal.
313 2502 364 2566 11,
381 2500 444 2554 212.
478 2501 611 2568 huncque
628 2498 762 2552 Weberns
787 2498 823 2552 ad
851 2498 929 2553 Pers.
958 2495 992 2563 5,
1014 2494 1078 2555 131.Ι
1109 2501 1138 2550 ot

126 2610 129 2617 ·
150 2585 314 2642 Huschkins
328 2585 363 2639 ed
377 2585 482 2639 Tibull.
495 2584 523 2651 2,
538 2583 573 2650 3,
589 2584 615 2637 2.

186 2690 310 2744 Brevem
332 2687 469 2758 syllohom
490 2685 574 2740 offert
596 2685 710 2740 Torani.
731 2684 834 2739 fleant.
855 2682 1006 2750 1‚1,el.
1033 2698 1137 2751 quaero,

149 2775 426 2848 microcosmum
443 2768 584 2827 meruisti?
601 2787 633 2827 ι.
661 2772 735 2824 eleo.
769 2768 823 2821 voi
838 2768 932 2821 hiatus
947 2767 976 2819 in
998 2767 1052 2817 lino
1074 2780 1138 2817 orn-

148 2858 236 2917 uani·
251 2875 305 2914 non
320 2872 417 2910 caussa
431 2871 489 2910 eoae
503 2859 610 2925 potest,
628 2857 660 2907 ul
675 2870 738 2907 oum
753 2851 881 2907 Bentleio
895 2850 1120 2905 aieisorilsanrns.

147 3010 152 3015 .
186 2963 221 3016 ln
236 2968 361 3016 extremo
375 2974 458 3012 versu
470 2959 570 3010 Horat.
587 2955 646 3010 Sat.
658 2957 692 3021 2,
709 2954 818 3021 3,153.
837 2952 1025 3024 qnooticrgo?
1045 2953 1137 3005 Orico-

148 3034 337 3103 suasinus.
374 3042 430 3120 Qui
444 3043 521 3098 loona
536 3042 657 3095 conferri
673 3040 755 3093 debet
771 3054 833 3090 cum
847 3035 938 3090 Persii
951 3035 984 3101 5,
1003 3034 1063 3087 131.
1090 3035 1138 3086 aad

150 3130 277 3201 Iuppiter
300 3128 400 3182 audiet.
424 3128 518 3192 Eleu,
545 3127 618 3178 loro.
635 3126 684 3178 ubi
707 3122 829 3178 Orellina
853 3138 888 3174 ex
916 3138 970 3173 nno
986 3120 1044 3172 cod.
1062 3117 1139 3170 dedit

112 3204 120 3219 l
148 3216 205 3271 eea
221 3214 280 3267 ico.
307 3214 341 3277 1,
364 3211 398 3276 3,
420 3208 463 3262 66.
496 3209 625 3263 communi
653 3226 731 3263 seusu
753 3208 837 3278 plone
869 3212 958 3269 carm,
997 3203 1137 3272 inquimus.

150 3298 247 3362 Elea,
268 3314 346 3366 qnam
377 3302 472 3348 lemare
487 3294 516 3346 io
529 3298 627 3347 nosmet
642 3295 728 3364 legem
743 3292 875 3353 sancimus
895 3290 1022 3358 iniquom.
1057 3285 1137 3340 Ouid.

140 3382 219 3439 'lum
235 3381 269 3445 3,
280 3378 341 3433 luo.
361 3380 460 3449 quoties
477 3394 545 3447 puer
559 3378 715 3431 miserabilis
731 3379 809 3430 noea
823 3375 942 3437 dieunt,
960 3374 1023 3423 hoec
1037 3371 1138 3424 resonis

149 3466 272 3521 &nodat
284 3464 392 3517 uocibus
409 3465 494 3515 Elian.
512 3461 561 3515 ubi
578 3462 721 3531 Gierigius
738 3461 803 3531 quia
824 3475 878 3513 non
899 3457 991 3511 sualim
1009 3455 1137 3520 correxit,

149 3548 259 3604 ideirco
282 3548 463 3616 reprehensus
487 3550 528 3599 eet
549 3562 566 3601 a
589 3545 716 3599 Kreusis.
749 3544 811 3597 ·sil.
834 3542 898 3597 Ital.
921 3542 971 3606 l'l,
993 3540 1053 3592 212.
1077 3545 1138 3609 poet

152 3633 296 3699 Paullum,
315 3639 377 3702 post
388 3631 552 3684 Flaminium
568 3631 762 3700 componimur,
786 3629 860 3681 eheu.

129 3796 132 3801 ,
187 3733 336 3805 Inscriptio
359 3732 520 3801 sepulcr-elie
543 3732 616 3803 epod
639 3734 727 3787 Orell.
745 3750 772 3785 n.
792 3729 869 3784 uzu.
899 3731 978 3792 cloec,
998 3728 1064 3795 licei,
1084 3727 1138 3778 Τα-

150 3820 240 3887 coar,
260 3825 292 3872 ot
314 3820 407 3873 occrlm
431 3836 458 3871 cs
481 3817 584 3872 deditur
604 3819 678 3884 folo.
722 3816 786 3870 Alia
809 3815 838 3867 in
859 3814 969 3869 ilnthol.
985 3811 1017 3874 l,
1031 3809 1097 3874 llll,
1111 3810 1137 3864 3.

150 3907 195 3961 nlo·
209 3903 367 3961 anulonis
377 3901 436 3969 scit
451 3901 550 3968 cidem,
568 3917 618 3971 quo
634 3917 726 3969 curce,
743 3903 816 3957 cheu.

168 4008 204 4075 5.
225 4005 334 4092 „Heu
357 4003 526 4086 delirum,
548 4004 784 4081 accusativum,
805 4001 857 4068 vel
873 4000 1057 4070 vocalivum
1079 3994 1139 4058 ad-

106 4094 217 4165 curua
240 4092 322 4161 elea
337 4112 407 4158 non
422 4090 486 4158 nisi
499 4088 715 4158 accusativum
731 4086 842 4156 habet.
852 4091 873 4126 “
914 4082 1089 4153 Nolanus
1104 4082 1140 4147 in
