2618 4770
410 244 929 335 rourssss.r0rrass1s.
1117 263 1179 324 ns
1258 209 1262 219 Δ

148 401 295 487 fortasse
316 403 429 491 potius
452 426 549 491 quam
565 400 731 495 fortassis
752 405 929 489 diceretur,
966 404 1041 495 quia
1061 409 1182 474 seilicet

140 487 500 575 fortassisabsurdum
517 491 648 553 auribus
665 490 849 572 videbatur,
870 503 984 558 auctor
1000 505 1048 557 est
1064 495 1182 558 Chari-

125 649 132 657 .
149 575 233 636 sius:
265 574 354 638 cuius
369 576 744 660 testimonio-permotus
760 577 934 664 legendum
951 578 1181 670 arbitrorfor-

149 669 259 740 tasse,
296 681 364 724 non
386 659 546 746 fortassis
566 659 600 724 in
622 659 727 745 Epist.
752 665 783 725 3.
814 662 907 726 libro*
924 663 1034 750 primo
1058 665 1097 728 ad
1115 666 1180 745 Qu.
1226 686 1228 693 ·

148 741 250 808 Fran·
269 766 371 830 quum
403 746 596 831 pracsertim
628 744 662 807 in
694 766 768 808 meo
800 768 932 833 quoque
966 749 1064 813 veteri
1093 750 1180 815 libro
1260 824 1264 833 ¹

148 829 308 974 soriXtum
332 828 457 894 videam
469 826 657 916 fortasse.“
698 830 792 916 Apud
819 833 975 897 Orellium
996 835 1181 899 nomentio

144 912 206 997 'qui
231 936 281 977 em
296 912 332 977 fit
349 912 481 979 alicuius
499 914 747 1000 discrepantiae:
767 923 876 980 tamen
888 915 1047 1004 fortassis
1063 919 1182 1004 legitur

148 998 184 1062 in
207 998 403 1064 editionibus
421 998 683 1086 antiquissimis.'‘
703 998 752 1064 De
769 1000 835 1064 Off.
853 1007 883 1079 2,
905 1005 936 1082 6,
959 1007 1010 1068 21.
1030 1023 1117 1068 nunc
1140 1025 1183 1068 ex

150 1084 342 1153 auctoritate
365 1084 514 1148 codicum
541 1083 760 1169 quorumdam
785 1086 906 1150 editum
930 1097 995 1150 est:
1032 1087 1082 1151 ita
1101 1087 1183 1176 fcr-

115 1230 118 1239 ,
149 1177 241 1230 tasse
267 1170 372 1232 etiam
395 1167 725 1255 brevior'videbitu'r.
749 1166 802 1234 *lu
831 1171 957 1234 Verria.
981 1177 1014 1251 2,
1035 1174 1088 1252 48,
1108 1177 1180 1237 107.

148 1261 217 1315 tres
232 1254 359 1318 codices
375 1253 531 1319 exhibent
538 1251 722 1339 fortassis,
738 1255 812 1330 sed,
828 1255 854 1318 si
864 1257 1055 1342 Zumptium
1072 1256 1183 1321 audia-

148 1356 235 1418 mus,
255 1340 341 1404 male
351 1340 480 1427 poetico
493 1337 592 1405 verbo
605 1337 784 1402 abutentes.
827 1339 951 1404 Tamen
965 1340 1182 1426 Sylviustsm-

150 1420 265 1487 bianus
291 1425 432 1512 appellat
461 1424 667 1513 particulam·
677 1422 857 1512 fortassis
873 1427 1050 1489 oratoriam
1081 1425 1183 1511 magis

151 1528 249 1595 quam
272 1510 446 1596 poeticam.
481 1509 527 1591 ¹Iu
542 1508 645 1595 Epist.
664 1506 709 1570 ‘ad
730 1508 818 1587 Fam,
834 1513 865 1590 2,
884 1512 933 1589 16,
950 1514 1001 1575 18.
1032 1510 1183 1595 antiquae
1223 1590 1227 1597 ἡ

152 1591 311 1658 editiones
340 1594 530 1682 perhibent:
567 1593 631 1657 ‘sed
654 1601 724 1678 'ego
750 1591 910 1681 fortassis
936 1594 1111 1659 vaticinor.
1147 1617 1183 1681 p.

153 1677 243 1746 Sext.
261 1682 292 1752 5,
317 1687 364 1744 12.
387 1691 465 1766 qrrot
478 1678 631 1744 stimulas
650 1676 838 1757 admoverit
857 1680 1003 1755 homini,
1033 1678 1183 1743 studioso

143 1761 308 1853 fortassis
332 1765 502 1848 victoriae.
530 1762 733 1841 Nemohacc
747 1763 938 1828 attrectavit.
981 1764 1106 1829 Scilicet
1121 1763 1184 1828 nisi
1299 1846 1302 1850 Α

153 1847 318 1912 Charisius
333 1853 374 1913 eir
390 1850 516 1914 aurium
536 1868 633 1912 sensu
655 1847 799 1934 regulam
822 1850 1055 1930 constituisset,
1084 1871 1182 1913 nemo

154 1933 324 2019 quisquam
354 1957 426 2014 eam
449 1934 653 1998 desideraret.
695 1931 792 2020 Apud
820 1934 968 1999 Plautum
994 1934 1042 1998 bis
1067 1934 1184 2021 legitur

143 2019 308 2107 fortassis
331 2022 420 2099 Asin.
443 2016 474 2094 2,
494 2024 526 2094 4,
552 2020 604 2080 86.
644 2016 763 2080 Bacch.
789 2019 820 2095 4,
843 2021 874 2094 4,
897 2025 950 2083 20.
1007 2025 1111 2106 Atque
1140 2020 1185 2083 ita

153 2102 312 2185 Traianus
335 2104 421 2187 apud
440 2103 529 2187 Plio.
553 2101 654 2186 Epist.
680 2105 732 2163 68.
762 2111 794 2163 et
817 2103 938 2166 Plinius
960 2102 1043 2164 Hist.
1067 2112 1132 2168 nat.
1153 2109 1185 2184 2,

153 2190 267 2268 sons.
292 2191 466 2275 aaran,
487 2183 663 2270 triplasia
677 2185 750 2271 big.
766 2188 938 2266 7,t'·,12,5.
964 2190 1153 2268 11,7,1t,9.
1213 2220 1216 2226 -

154 2332 161 2339 ’
235 2324 288 2384 22.
309 2318 519 2405 Fortassean
543 2319 674 2407 quidam
697 2318 900 2407 grammatici
922 2341 1041 2383 novam
1066 2319 1187 2385 dictio·

154 2420 252 2484 nem,
272 2405 402 2491 eiusque
426 2406 592 2469 auctorem
620 2427 688 2469 csse
704 2403 846 2469 Gellium
871 2402 1107 2489 existimarunt.
1146 2406 1188 2468 At

157 2489 288 2575 antiqua
312 2492 342 2553 ei
359 2499 428 2554 erat
451 2491 561 2576 origo:
592 2511 667 2552 usus
684 2489 902 2554 renovabatur
916 2489 1092 2554 novissimo
1106 2498 1189 2552 tem-

180 2596 247 2639 ore.
301 2575 397 2640 Retio
426 2576 578 2639 convenit
606 2595 681 2639 eum
710 2572 828 2639 formis
851 2572 996 2662 forsan,
1018 2571 1186 2661 forsitan.

154 2596 246 2723 lithit
261 2658 381 2739 refert,
401 2671 514 2723 utrum
529 2659 655 2723 duobus
677 2661 839 2725 vocabulis
850 2660 1028 2724 scribamus
1035 2659 1188 2750 fortasse

155 2767 214 2819 arn,
233 2767 272 2807 an
285 2745 468 2809 contractis.
511 2745 560 2810 De
576 2744 635 2808 bac
651 2744 808 2827 particula
822 2743 907 2823 conf.
924 2746 1032 2809 Cuiae.
1054 2744 1188 2809 Obserr.

154 2833 187 2910 9,
202 2834 254 2894 10.
284 2830 377 2894 Parei
390 2831 469 2895 Lex.
485 2831 556 2893 crit.
571 2844 606 2917 p.
618 2833 691 2894 498.

260 2947 375 3003 Sisenna
390 2950 461 3018 apud
474 2950 590 3004 Nouium
605 2948 697 3014 2,]01.
715 2966 736 3003 s.
744 2965 771 3004 v.
790 2951 936 3004 claritudo.-
957 2949 1023 3019 qnod
1031 2942 1191 3018 fortunean

224 3051 256 3086 ea
275 3036 410 3086 uoluntate
436 3050 485 3085 saa
506 3050 607 3107 sanna
631 3051 688 3085 earn
713 3034 870 3089 claritudine
891 3035 1006 3087 celeriter
1023 3027 1191 3101 'confecisset

225 3119 311 3170 Varro
333 3119 366 3170 dc
387 3119 430 3170 Re
445 3114 563 3189 ι·.3,’110,
577 3116 619 3169 10.
643 3118 675 3169 de
690 3111 805 3187 fracta,
832 3118 933 3185 inquit,
960 3119 1007 3170 laco
1024 3117 1098 3182 dieo,
1124 3116 1192 3186 qnod

220 3206 374 3271 fortassean
386 3202 435 3254 tili
455 3201 521 3255 satis
534 3200 576 3253 sit.
609 3199 635 3264 d,
651 3196 676 3265 6,
693 3201 717 3254 1.
737 3200 783 3269 qai
799 3217 870 3252 secas
887 3202 986 3270 siquid
1002 3201 1098 3254 dicares
1113 3202 1145 3254 de
1160 3201 1211 3254 iis'

227 3286 387 3358 gentilitatis
410 3304 503 3338 caussa
521 3279 678 3353 fortassean
699 3291 782 3338 tecam
802 3285 904 3337 duceret
926 3302 1035 3338 serram.
1059 3284 1092 3337 ds
1112 3284 1192 3357 iring.

228 3371 288 3423 nst.
310 3366 381 3435 4,4,
401 3368 442 3422 10.
465 3358 623 3440 fortassean
643 3371 676 3421 ab
700 3386 730 3421 eo
749 3360 875 3437 quatuor,
901 3371 969 3437 qnod
990 3387 1022 3425 ea
1044 3370 1194 3440 quadrupes

227 3453 328 3522 agitur.
348 3449 374 3516 li,
389 3450 415 3515 4,
430 3451 472 3504 80.
489 3456 513 3507 si
525 3456 559 3506 ab
576 3454 658 3522 Libya
674 3454 759 3505 dictae
777 3468 830 3504 esse
846 3453 935 3518 lacae,
957 3457 1112 3519 fortassean
1122 3473 1193 3524 pan-

226 3537 319 3591 therae
334 3553 431 3604 quoqne
446 3544 471 3589 ct
488 3538 587 3603 bones,
611 3555 664 3589 non
684 3531 791 3606 africae
812 3535 908 3587 batiae
928 3536 1082 3591 dicarentm.
1091 3560 1094 3565 ·
1104 3564 1107 3571 ·
1117 3538 1144 3604 7,
1166 3540 1191 3591 2.

226 3621 320 3674 etenim
333 3620 389 3685 illi,
405 3619 450 3688 qai
463 3621 547 3687 prinei·
564 3622 671 3675 nomina
687 3621 971 3688 transsumantur,
987 3615 1145 3691 fortassean
1164 3624 1194 3675 in

228 3704 382 3773 quibasdam
393 3705 446 3757 sint
460 3705 537 3772 lapsi.
569 3706 613 3761 lta
634 3722 651 3756 a
671 3702 748 3756 codd.
768 3719 839 3755 nunc
853 3703 938 3761 edidit
950 3703 1130 3774 Spongslius,
1145 3705 1193 3773 qni

228 3793 321 3841 tomen
333 3793 364 3841 nt
379 3788 462 3843 etiam
479 3787 508 3841 in
526 3789 616 3841 verbis
645 3786 671 3852 5,
691 3787 718 3839 3.
730 3782 854 3856 forsitan
870 3789 912 3843 an
926 3790 980 3841 dies
1000 3789 1065 3841 ideo
1080 3790 1196 3857 appella-

152 3902 174 3935 ,ι
226 3878 273 3925 ter
293 3872 382 3940 potius
413 3872 522 3944 qanta.
557 3871 661 3940 corrigi
689 3872 798 3925 iuberet
820 3867 995 3942 fortassean,
1032 3871 1109 3926 nulla
1136 3877 1195 3926 erat

137 3988 155 4008 ·.
184 3982 195 4005 υ
225 3970 333 4011 caussa.

263 4056 401 4124 Gelliast,
413 4056 441 4113 0.
464 4074 544 4143 esau
558 4059 648 4115 anna
660 4014 809 4114 distinctius
821 4051 1030 4128 umerosiisass
1037 4052 1195 4129 fortunar
