2618 4770
126 257 193 323 rsa
587 216 724 314 'auco
807 311 811 317 .

126 407 344 501 plicationem
358 403 477 489 incipit
494 401 595 469 verbo
618 425 702 489 ergo
723 402 866 486 inserto,
889 414 923 468 et
939 404 985 470 ita
1000 409 1153 473 orationem

126 496 231 562 nectit
254 515 295 557 ex
318 491 489 555 voluntate
511 510 580 557 sua.
625 489 679 553 Sic
699 490 838 576 ponitur
853 491 1015 579 particula
1035 492 1069 558 iu
1084 494 1154 561 initio

129 577 361 671 expositionis.

231 681 320 734 Varro
335 677 368 728 sle
384 677 427 727 Re
444 692 467 726 r.
480 674 507 741 2,
522 674 548 738 4,
565 673 592 727 ὃ.
614 693 661 728 aec
674 683 764 730 tamea
780 677 909 747 defugio,
930 678 996 748 quia
1009 679 1101 745 dicam,
1112 698 1158 750 qiu

195 767 249 822 scio
265 767 298 818 de
311 763 389 815 suillo
403 777 504 830 pecore.
544 759 617 813 Tum
638 761 808 830 interpositis
827 763 968 832 aliquibus
981 766 1116 818 sententiis
1128 783 1159 819 ex-

195 850 360 922 positionem
373 844 473 913 incipit·
490 843 551 896 laiss
584 861 649 914 ergo
664 847 710 914 qui
724 864 801 899 saum
815 865 927 918 gregem
941 852 1001 902 uult
1015 851 1108 905 datae
1120 853 1161 904 ide

195 955 292 1000 acum,
310 935 409 1002 eligere
424 937 526 999 oportet
541 957 576 968 —
594 931 662 981 lona
676 938 773 984 aetate.
793 930 814 984 i.
829 949 854 984 a.
880 933 952 986 liaeo
970 952 1056 1003 qaum
1069 935 1107 989 ita
1117 935 1162 1000 siut,

200 1028 231 1077 at
246 1020 318 1073 mihi
338 1018 372 1069 (le
392 1017 447 1068 hac
463 1032 496 1067 re
517 1013 555 1067 sit
575 1014 729 1068 dicendum.
770 1014 828 1069 cie.
853 1018 939 1072 Acud.
962 1019 988 1085 l,
1010 1018 1038 1085 5,
1059 1020 1100 1075 18.
1122 1028 1164 1075 ua

193 1109 315 1170 Atticus,
329 1111 359 1156 tu
372 1119 451 1165 aero,
469 1100 571 1168 iuquit,
588 1116 688 1168 perge,
708 1101 811 1154 Varro:
837 1104 917 1156 ualde
931 1103 1002 1156 caim
1019 1123 1079 1158 ama
1092 1112 1164 1158 mura

195 1198 276 1261 atque
299 1195 411 1242 scaras.
434 1215 468 1226 -
500 1184 649 1253 Pergamus
671 1184 772 1253 igitur,
810 1187 911 1256 ingruit,
944 1190 1071 1258 quomam
1088 1193 1162 1258 plaut

196 1277 261 1331 Fuit
275 1292 341 1344 ergo
364 1273 419 1324 iam
442 1276 551 1338 accepta
574 1286 592 1321 a
616 1270 729 1322 Platone
749 1271 960 1341 philosophandi
981 1277 1055 1328 ratic
1079 1277 1162 1344 tripla.

197 1361 343 1416 Columell.
359 1356 446 1423 «11‚t,
465 1354 507 1408 15.
523 1355 573 1409 sed
586 1354 641 1406 iam
653 1354 756 1428 potiar,
774 1373 824 1423 quo
838 1357 951 1426 quidque
965 1365 1083 1428 tempore
1095 1366 1163 1414 aaut

153 1490 159 1499 .
195 1444 327 1500 mandari
345 1444 498 1512 plerumque
520 1439 674 1503 conueniat,
703 1455 754 1509 per
772 1456 873 1495 aumas
896 1443 1062 1514 digeramus.
1103 1442 1188 1514 ΒΨ

141 1598 148 1613 .
193 1537 256 1604 post
272 1529 398 1581 caleadas
413 1526 555 1579 ianuarias
570 1529 623 1576 etc.
919 1547 925 1558 2

56 1692 61 1704 ,
211 1638 245 1697 2.
269 1629 359 1695 Tum
380 1627 438 1692 ubi
462 1628 568 1703 oratio
593 1628 661 1693 site
686 1627 819 1694 alterius
839 1627 980 1710 ·verbis,
1013 1631 1082 1698 sive
1099 1629 1163 1719 ipsi-

119 1742 188 1803 us,
216 1717 275 1803 qui
297 1715 465 1801 loquitur,
497 1713 680 1801 interrupta
710 1725 775 1790 est,
810 1716 995 1781 annectitur
1010 1740 1056 1788 ,aa
1080 1739 1162 1804 supc-

126 1803 272 1873 rioribus
289 1823 352 1887 per
367 1798 582 1888 particulam,
610 1820 693 1885 quae
715 1803 748 1866 vi
763 1800 1022 1867 demonstrativa
1045 1803 1104 1868 sibi
1122 1803 1161 1866 in-

125 1901 205 1957 nata
222 1887 262 1953 cd
281 1910 336 1966 ec,
368 1907 451 1972 quae
475 1885 610 1948 remissa
633 1896 727 1967 sunt,
757 1897 907 1966 revocat,
935 1899 968 1952 et
991 1888 1161 1953 distractam

126 1975 228 2040 telam
245 1972 403 2038 contexit.
442 1970 491 2035 Ita
516 1971 613 2035 etiam
637 1971 757 2059 igitur.
802 1970 853 2036 Cf.
873 1973 1040 2039 Goerena.
1056 1975 1160 2039 auctu

126 2060 228 2128 Aead.
247 2067 276 2136 1,
290 2058 323 2140 5,
342 2063 394 2123 19.
417 2057 474 2143 qui
490 2055 594 2120 aliena
610 2058 760 2144 exempla
776 2057 927 2123 contulit.
1019 2102 1023 2109 ·

231 2156 640 2224 Cic.0rut.Part.13,45.·c.r.
658 2153 1059 2230 Argumeutmioaem'quaerere
1073 2159 1159 2223 cidariu

11 2259 31 2289 ³·
44 2216 75 2276 l*
102 2194 126 2316 Ι
137 2222 143 2233 ⁴
193 2265 263 2319 puae
279 2253 316 2298 est
331 2245 484 2314 argumenti
494 2245 650 2313 septisolio,
670 2263 737 2313 quae
753 2253 858 2314 suaipta
872 2263 903 2298 aa
917 2247 951 2299 iis
965 2247 1045 2311 locis,
1062 2246 1160 2315 quim

52 2307 83 2349 ᾗ*
120 2344 123 2351 ’
177 2330 317 2400 ὀψοείιί,
331 2329 495 2395 conficienda
509 2336 535 2381 et
549 2330 740 2399 distinguenda
754 2332 869 2382 dilucide
879 2338 926 2383 ott.
945 2348 969 2383 c.
978 2349 1005 2383 ιτ.
1024 2331 1160 2383 Plancistut

194 2419 282 2487 ipsum
299 2415 425 2467 desidero.
457 2431 516 2466 aa.
545 2413 596 2464 Est
616 2432 696 2483 ergo,
715 2423 840 2483 utsupra
857 2417 955 2468 dictum
972 2423 1025 2481 est,
1043 2415 1159 2484 explicatis

194 2499 357 2571 argumenti.
391 2498 494 2565 Philip.
511 2498 553 2562 12,
568 2497 594 2561 9,
611 2499 653 2550 22.
680 2506 733 2551 tres
756 2501 816 2552 aiae
835 2508 897 2569 suat
913 2501 950 2552 ad
967 2501 1159 2569 Mutinam‚qur

187 2587 305 2655 ¹festinat
320 2583 440 2647 animur,
453 2589 484 2635 ut
497 2586 549 2633 etc.
560 2609 603 2634 -.
628 2585 691 2635 Tres
708 2602 789 2654 ergo,
807 2592 838 2638 ut
855 2587 926 2650 dici,
945 2585 1015 2638 vias.

118 2684 120 2688 ’
229 2689 287 2742 (lic.
303 2687 337 2738 de
352 2687 428 2738 Orat.
445 2686 470 2751 1,
488 2683 531 2750 57,
545 2683 606 2736 241.
624 2693 741 2737 attamen
757 2704 823 2754 quae
838 2705 946 2740 caussae
963 2695 1026 2740 urat
1043 2685 1157 2748 eiusmodi,

89 2820 91 2826 .
192 2782 224 2828 ut
246 2775 278 2825 de
301 2788 392 2824 aarum
413 2772 471 2824 iure
490 2772 598 2823 dubium
619 2787 673 2821 esse
695 2787 749 2820 aaa
763 2773 862 2839 possit,
885 2772 991 2823 omuino
1007 2774 1038 2824 ia
1054 2773 1158 2824 indicina

192 2860 284 2914 occari
300 2875 353 2908 aaa
367 2859 459 2909 soleat.
493 2857 564 2908 Num
579 2856 636 2924 quis
650 2872 678 2906 eo
690 2861 843 2906 testamento
859 2860 911 2908 etc.
930 2885 966 2895 -
994 2859 1072 2927 Ergd
1085 2859 1110 2908 ia
1123 2857 1158 2906 lm

188 2962 286 3016 gemere
304 2943 371 2994 iuris
393 2942 492 2993 iudicia
512 2941 589 2991 mulla
611 2946 681 2991 suut.
714 2939 785 3006 Tap.
800 2939 843 3004 19,
857 2938 900 2991 72.
925 2934 1110 3011 sedquoniam
1128 2940 1159 2991 tu

74 3078 77 3084 .
188 3049 208 3082 a
220 3028 352 3098 principio
368 3026 516 3090 divisimus,
534 3032 565 3077 ut
580 3025 647 3076 alios
664 3025 730 3076 locos
745 3026 889 3078 diceremus
903 3026 932 3077 iu
946 3044 976 3079 ea
990 3029 1063 3096 ipso,
1080 3028 1110 3078 ds
1121 3036 1159 3094 qut

190 3114 353 3182 ambigitur,
375 3111 501 3171 haerere,
529 3109 674 3177 dequibus
695 3111 761 3162 satis
785 3117 824 3162 est
845 3112 961 3176 dictum,
990 3113 1057 3164 alios
1079 3107 1160 3164 assumi

189 3199 364 3251 extrinsecus:
384 3195 416 3245 dc
430 3194 471 3244 tis
482 3210 572 3261 pauca
586 3195 720 3247 dicamus:
739 3198 787 3248 etsi
797 3214 829 3247 ea
839 3196 909 3246 aicit
919 3196 957 3247 ad
968 3204 1071 3248 uestras
1085 3196 1159 3262 dispa-

187 3283 302 3335 tationes
317 3280 459 3348 pertimeat.
484 3302 519 3314 -
545 3277 634 3346 Neque
648 3280 718 3332 euim
734 3287 763 3332 tu
778 3281 801 3332 is
821 3298 862 3346 es,
893 3298 969 3349 quem
983 3282 1054 3333 mihil
1068 3282 1117 3333 uiri
1128 3281 1160 3331 ius

188 3367 265 3418 civile
284 3365 392 3415 delcetat
413 3390 448 3401 -
471 3367 523 3414 etc.
561 3363 637 3416 Haec
659 3381 725 3433 crgo
747 3366 964 3435 argumentatio,
991 3383 1059 3434 quae
1078 3366 1160 3419 autu

189 3451 257 3503 artis
273 3466 379 3517 expers,
401 3448 432 3499 iu
447 3447 596 3500 testimonio
611 3450 700 3517 posita
714 3457 761 3502 est.

221 3551 285 3603 Atia
302 3550 428 3616 exempla
444 3549 508 3602 vide
529 3552 602 3617 apud
616 3551 674 3614 Cic.
692 3552 726 3603 de
742 3544 797 3605 off.
812 3552 838 3618 1,
852 3550 880 3617 ὃ,
894 3550 936 3605 11.
954 3556 983 3604 et
1005 3551 1041 3605 of.
1059 3553 1158 3606 Gesner.

187 3635 222 3687 etl
239 3636 392 3687 Chrestom.
410 3634 483 3687 Plin.
499 3654 526 3703 p.
542 3634 601 3688 535,

141 3760 144 3766 ·
201 3741 232 3800 3.
257 3738 343 3799 Haec
359 3734 474 3799 eadem
492 3738 664 3818 amicost,
704 3739 837 3824 quando
858 3750 937 3825 post
959 3735 1159 3826 parenthesin

14 3856 17 3869 «
114 3821 226 3884 oratio
241 3822 427 3907 interrupta
444 3822 668 3903 subnectitur,
688 3825 827 3905 eodem,
850 3825 940 3908 quod
957 3838 1033 3890 unte
1045 3826 1159 3890 dictum

117 3917 183 3984 cst,
207 3907 367 3971 vocabulo
384 3908 505 3970 iterum
531 3909 651 3994 posito.
694 3910 988 3988 Quemadmodum
1012 3912 1089 3976 alibi
1112 3911 1159 3974 ia·

115 4015 219 4077 pirrum
233 3992 371 4069 dicitur,
394 3994 557 4079 et'igilur.
592 3993 644 4058 Cf.
660 3994 753 4057 Cort.
766 3995 807 4058 ad
817 3997 885 4060 Cic.
896 3995 1003 4083 Epist.
1015 4000 1067 4082 15,
1079 4000 1158 4080 10,1.

115 4080 278 4144 Goerenz.
296 4077 336 4143 ad
355 4079 422 4143 Cic.
439 4079 537 4147 acad.
554 4085 586 4166 2,
600 4081 653 4146 41.
677 4101 711 4168 p.
727 4085 802 4146 229.
890 4148 895 4159 ,
