2618 4770
505 265 697 336 ETlA'MSI.
1058 283 1122 349 589

65 430 140 495 tolli
158 428 327 492 coneedit:
362 448 464 513 quare
479 427 789 510 Germani'dieunt',
811 430 1034 516 gleichwolil,
1063 437 1124 502 ob-

63 516 230 606 gleielrab
241 515 470 602 aequabilitate
484 536 609 599 rerum.
651 514 806 578 Etiamsi
822 528 852 578 et
868 522 932 582 etsi
943 520 1125 606 affirmant,

64 606 166 669 etiam
194 603 303 688 posita
329 601 435 687 eliqua
461 601 673 680 ¹conditione,
717 623 799 685 quae
829 625 901 666 rem
927 607 1046 674 tollere
1068 622 1123 675 aut

63 691 244 755 immutare
260 687 424 765 videatur,
446 688 561 774 utique
577 709 647 749 non
664 687 738 750 tolli
757 699 811 750 aut
829 689 998 754 immutari
1013 695 1123 782 ipsam

41 783 43 787 ’
61 799 150 843 rem.
194 773 281 837 Illud
295 773 507 853 historicum,
525 775 606 836 haee
622 773 730 858 logica
745 774 910 843 uocabula
926 788 1020 840 sunt:
1043 805 1122 846 nam

61 862 174 928 inille
192 860 299 944 agitur
320 857 363 923 de
379 855 484 922 ¹rebus
500 860 760 946 apparentibus,
791 860 825 922 in
851 860 902 923 his
927 865 1013 927 ratio
1040 889 1122 930 eon-

61 949 211 1012 stituitur
223 953 336 1008 rerum
348 945 388 1009 de
400 967 450 1023 ee,
468 945 559 1030 qued
568 943 638 1008 fieri
648 946 779 1030 possit.¹
798 947 990 1012 Hoeautem
1002 950 1122 1017 diseri-
1189 949 1191 953 ’

60 1056 142 1100 men
157 1030 368 1119 quotidianus
385 1032 549 1095 sermonis
567 1052 644 1093 usus
659 1053 729 1094 non
744 1053 876 1118 semper
894 1045 996 1098 curat.
1095 1030 1097 1060 ³
1170 1047 1172 1057 ’

88 1178 92 1185 .
168 1146 300 1215 Quinctil.
316 1144 342 1212 5,
358 1146 400 1211 1⁰,
416 1147 441 1199 l.
459 1165 530 1198 nuria
542 1149 574 1200 de
589 1124 772 1216 argumentis:
792 1149 840 1201 hee
853 1151 922 1201 euim
936 1139 1041 1204 naariae
1054 1172 1122 1207 eam-

129 1236 271 1306 plectimur
286 1233 383 1297 omnia,
401 1227 788 1301 ᾳααεθναερίἔνθνμήματα,
808 1229 1027 1302 ἐπιχειρήματα,
1052 1232 1122 1292 elae-

133 1318 233 1383 ἃείξεις
248 1325 357 1381 uacant,
380 1335 539 1386 quamquam
554 1311 628 1386 upari
643 1318 702 1371 ilias
718 1308 864 1388 aetatique
879 1320 973 1415 herarp
987 1323 1122 1376 nominum

133 1404 300 1472 differentia,
319 1403 425 1455 etiamsi
442 1404 482 1503 vis
495 1404 584 1455 eedem
596 1404 658 1468 sere
675 1402 771 1456 tenuit.

91 1561 93 1569 ’
147 1545 178 1604 3.
200 1540 330 1604 Dicitur
353 1562 432 1605 vero
458 1538 598 1603 etiamsi
628 1539 690 1619 ita,
728 1549 765 1601 ut
789 1538 839 1603 vel
863 1541 1121 1628 praemissavel

61 1626 231 1690 interiecta
259 1626 308 1690 vel
336 1626 488 1690 adiuncta
520 1626 682 1689 sententia
709 1625 935 1690 conditionem
964 1638 1121 1715 exponat,

61 1735 146 1799 quae
163 1713 211 1776 rei
229 1712 360 1776 obstare
376 1714 543 1793 videatur,
564 1721 677 1775 tamen
694 1712 778 1775 nihil
796 1711 966 1800 impediat.
1000 1718 1122 1781 Neces-

60 1800 146 1863 sario
169 1799 270 1885 igitur
294 1800 474 1886 requiritur
500 1798 658 1907 primaria
683 1819 759 1884 pars
786 1799 1038 1881 enuntiationiS,
1069 1803 1121 1867 eui

64 1885 214 1950 conditio
240 1875 444 1972 opperiatur.
509 1883 651 1948 sautum
676 1900 753 1947 vero
778 1883 888 1965 abest,
921 1897 975 1968 ut,
1011 1888 1066 1952 ubi
1086 1889 1122 1952 in

61 1972 162 2042 altera
180 1982 274 2058 parte
288 1982 405 2039 tanen
421 1993 490 2034 non
506 1981 661 2057 apparet,
694 1968 781 2033 hane
797 1971 995 2056 particulam
1013 1975 1120 2037 omis·

61 2081 133 2122 sam
159 2067 334 2143 putemus,
378 2067 414 2118 ut
441 2080 477 2120 ea
502 2058 613 2140 posita
638 2057 878 2124 sententiarum
910 2058 1037 2123 irritam
1064 2082 1120 2123 re·

59 2144 281 2233 pugnantiam
307 2148 449 2227 'utraque
475 2162 523 2204 ex
559 2151 654 2227 parte
694 2139 878 2206 distinctius
916 2142 1121 2232 designatam

59 2232 241 2298 videamus.
523 2238 528 2248 ‘

164 2351 278 2402 Terent.
295 2348 366 2398 Hac.
383 2344 408 2411 4,
424 2345 450 2410 4,
467 2344 510 2397 26.
536 2344 644 2397 etiamsi
659 2345 758 2397 dudum
775 2348 873 2412 fuerat
896 2349 1053 2420 ambiguam
1071 2353 1121 2406 Ῑιοο

70 2505 73 2511 ¹
128 2437 212 2498 milii,
231 2451 301 2485 nunc
316 2449 370 2492 aaa
387 2439 433 2483 est.
470 2429 527 2482 cto.
544 2429 580 2482 ud
588 2429 645 2509 Ati.
661 2428 686 2494 3,
702 2428 744 2482 24.
766 2448 829 2489 nam
842 2434 1004 2494 ietaveritas
1016 2439 1121 2491 etiamsi

127 2519 246 2572 iucunda
263 2534 318 2583 aaa
340 2522 395 2578 est,
424 2514 491 2566 milti
514 2521 603 2567 tamen
625 2521 711 2584 grata
733 2523 779 2568 est.
824 2519 969 2572 Columell.
994 2521 1020 2586 9,
1035 2520 1061 2586 8,
1076 2521 1118 2574 14.

128 2611 158 2656 at
172 2604 201 2653 ia
217 2592 316 2653 maiore
338 2600 430 2668 eopia,
455 2600 560 2652 etiamsi
576 2600 663 2668 malta
683 2601 903 2672 intercipiantur,
921 2607 983 2674 plus
998 2604 1120 2674 estquod

104 2687 158 2739 ‘ia
173 2687 284 2755 repertis
299 2687 393 2754 apibus
402 2685 557 2753 acquiritur.
594 2683 652 2736 cte.
665 2684 699 2736 (le
711 2685 825 2761 Sem,
836 2686 879 2742 79.
900 2691 1019 2743 eumdem
1032 2691 1142 2760 igitar¹
1205 2706 1215 2712 ·
1286 2705 1287 2708 ’

127 2789 182 2825 esse
193 2772 332 2836 creditam,
352 2771 456 2823 etiamsi
470 2772 574 2821 nullam
588 2771 719 2823 videbitis.

163 2891 221 2963 cie.
242 2909 268 2958 p.
284 2889 344 2941 11111.
368 2889 394 2954 8,
408 2889 452 2941 21.
478 2906 560 2957 neque
575 2889 645 2940 euim
660 2890 708 2942 hoe
725 2879 872 2959 erigituvit,
900 2907 983 2959 nepae
998 2891 1028 2943 iu
1044 2892 1119 2953 banis
1201 2937 1204 2950 ,

126 2979 192 3032 viris
210 2977 331 3046 legendis
346 2976 375 3026 iu
392 2975 495 3042 assequi
511 2975 655 3041 patuisset,
674 2974 780 3026 etiamsi
796 2977 917 3045 cupisset.
934 2975 964 3028 iu
980 2969 1039 3028 Cat.
1051 2975 1077 3040 l,
1090 2975 1117 3042 ’1,
1196 2982 1201 3001 ¹

125 3063 169 3116 18.
198 3064 264 3114 haee
284 3060 308 3112 si
325 3067 425 3123 tecum,
452 3064 482 3120 ut
498 3059 569 3121 diri,
593 3058 688 3126 patria
705 3059 847 3127 loquatur,
873 3077 961 3114 nenne
975 3060 1118 3128 impetrare
1148 3065 1151 3069 ’

127 3134 236 3209 debeat,
256 3144 360 3198 etiamsi
373 3143 426 3194 aim
443 3143 634 3205 adhiberentur
647 3141 752 3209 pessit?

162 3263 220 3316 (lie.
239 3261 273 3313 (le
290 3263 354 3314 Nat.
376 3261 401 3313 (1.
422 3260 447 3326 l,
464 3261 507 3326 39,
521 3259 580 3312 1111.
607 3279 675 3329 quae
698 3261 804 3314 etiamsi
826 3267 935 3331 essent,
956 3237 1023 3330 quae
1040 3263 1116 3316 nulla

125 3356 197 3413 eunt,
213 3348 311 3425 pellere
326 3363 352 3396 se
368 3346 427 3414 ipsa
443 3352 467 3398 et
478 3346 588 3415 agitari
603 3347 674 3399 inter
688 3365 715 3399 se
731 3364 857 3399 concursu
870 3350 994 3412 fortasse*
1001 3354 1118 3415 possent,
1155 3354 1158 3359 “

121 3438 260 3501 formare,
272 3433 416 3498 figurare,
438 3433 575 3498 eolorare,
599 3433 721 3484 animare
735 3448 789 3484 aaa
803 3438 916 3499 possent.

163 3551 220 3603 Cic.
237 3569 264 3618 p.
278 3549 373 3617 Liger.
391 3548 419 3614 S,
431 3549 474 3602 25.
494 3551 611 3603 sinaitis
626 3549 766 3619 gloriari,
781 3567 830 3621 per
844 3566 885 3602 me
903 3549 978 3614 licet,
996 3567 1042 3602 aar
1053 3568 1118 3620 pra-

127 3636 242 3689 eiaciam
258 3636 345 3701 faisse
364 3635 474 3715 Caesari
488 3639 651 3702 tradituros,
672 3636 810 3690 etiameia
829 3635 900 3688 Vere
915 3641 942 3688 et
961 3636 1118 3703 quibasdam
1148 3694 1151 3699 ⁴

122 3721 185 3774 aliis
197 3719 329 3789 prohibiti
346 3718 442 3792 essetis.
497 3793 500 3796 ἢ
597 3788 608 3797 μ

140 3856 172 3919 ll.
203 3856 385 3940 Cognatio,
419 3877 518 3941 quarn
547 3857 582 3919 in
617 3854 774 3920 omnibus
805 3853 925 3942 linguis
957 3853 1119 3922 voeabula

54 3942 217 4028 temporis
235 3952 268 4006 et
284 3940 486 4006 conditionis
510 3941 649 4022 habent,
680 3943 780 4005 etiam
803 3941 838 4004 in
863 3941 895 4002 si
919 3962 995 4003 eum
1017 3961 1118 4006 usum
1197 4020 1199 4024 μ

56 4031 269 4109 moderatur,
301 4050 368 4112 quo
393 4049 445 4090 res
466 4028 503 4092 in
528 4037 681 4113 tempore
708 4027 813 4115 posita
835 4025 953 4089 eodem
977 4029 1117 4092 nornine

56 4114 256 4201 designatur.
301 4114 386 4180 Hine
403 4111 459 4198 fit,
483 4121 521 4179 ut
544 4114 683 4180 etiamsi
705 4135 803 4204 saepe
821 4109 985 4200 significet
1007 4112 1138 4184 etiam,

1080 4251 1085 4284 l

1062 4446 1067 4471 l
1133 4485 1136 4491 i
