2618 4770
524 270 769 343 amerino.
850 230 855 241 ’
1106 276 1170 345 rar
1262 330 1267 343 .

476 441 824 535 aaarvmu
991 388 995 395 ⁵

212 601 402 666 Gnanvmo
427 593 617 662 adverbium
639 593 756 658 dicitur
777 604 809 660 ct
830 593 874 678 ¹de
898 617 956 676 ep,
988 596 1079 682 quod
1100 598 1170 665 sine

128 687 277 774 praemio
295 696 350 749 aut
366 683 516 767 mercede
537 681 660 764 agitur,
691 701 751 743 nec
774 683 989 746 commodum
1009 695 1170 770 appeten-

129 772 210 835 dum
227 792 337 834 secum
352 769 427 848 fert,
452 779 484 832 et
500 767 539 828 de
553 787 593 830 eo
603 812 613 844 ,
630 764 720 848 quod
735 765 826 828 nullo
843 767 1012 853 impendio
1029 781 1169 834 constat.

128 857 314 942 Vtrumque
329 866 377 919 est
392 852 519 940 gratia.
562 848 682 931 Forma
705 850 883 934 gratuitu,
906 874 1003 938 quam
1020 852 1170 919 Torren-

126 941 193 1005 tius
210 941 249 1004 acl
267 940 403 1004 Sueten.
425 938 515 999 Caes.
529 939 583 1011 27.
609 933 755 997 coodice
771 935 914 1018 quodam
933 937 1058 1015 attulit,
1080 941 1170 1005 anti-

152 1047 194 1090 ua
227 1025 421 1090 auctoritate
456 1031 553 1083 caret.
606 1019 737 1083 Tamen
767 1040 836 1082 non
869 1021 1066 1108 improbarit
1087 1024 1171 1093 'eam
1279 1086 1282 1101 ,

86 1112 89 1120 ’
159 1112 348 1196 eusingerua
370 1107 411 1171 ad
429 1105 497 1170 Cic.
513 1103 580 1168 Off.
595 1109 627 1185 2,
645 1109 695 1168 19.

231 1227 303 1281 Plin.
318 1226 391 1278 lliet.
408 1243 434 1278 n.
449 1222 492 1289 35,
507 1222 591 1290 9,*36.
612 1224 654 1276 liic
670 1231 696 1278 et
716 1225 828 1277 Atlrcuia
847 1227 992 1295 pacticiam,
1020 1243 1087 1293 quoe
1106 1246 1171 1296 poa-
1239 1254 1241 1259 v

198 1312 246 1365 cile
260 1317 384 1375 occatur,
402 1309 539 1378 gratuito,
565 1326 643 1377 puram
656 1316 761 1377 portem
777 1309 833 1362 eiua
847 1309 935 1361 Micou
948 1311 1063 1362 mercede
1074 1313 1171 1382 pinge·

198 1404 247 1449 ret.
282 1394 371 1447 Tacit.
385 1394 454 1447 Anu.
470 1393 513 1456 ll,
529 1392 571 1445 22.
591 1400 736 1460 quaestura
749 1400 839 1445 tamea
852 1410 883 1444 ea
898 1394 1032 1462 dignitate
1041 1398 1173 1449 candida-

197 1488 283 1534 torum
306 1486 353 1531 aut
367 1478 504 1543 facilitate
523 1476 693 1529 tribuentium
713 1478 835 1545 gratuito
857 1479 1060 1544 concedebatur,
1091 1482 1172 1533 donec

198 1565 328 1616 cententio
344 1563 496 1613 Dolabellae
509 1562 581 1612 uelut
594 1562 798 1637 venundaretur.

236 1661 571 1728 cio.aeoff.2,19‚66.
598 1661 690 1714 diserti
709 1663 795 1731 igitur
814 1661 926 1715 dominic
949 1669 975 1715 et
993 1662 1078 1727 facile
1098 1664 1172 1716 lobo-

198 1750 286 1801 rantis
301 1748 415 1815 quodque
432 1747 462 1797 in
478 1748 578 1816 patriis
593 1753 632 1798 cat
645 1747 774 1812 moribus,
802 1746 944 1798 multorum
958 1762 1064 1797 caussae
1078 1753 1103 1798 ct
1118 1765 1172 1798 uoa

198 1839 313 1902 gravate
327 1837 351 1882 el
366 1830 487 1899 gratuito
503 1831 665 1898 defendentia
688 1822 813 1899 beneficia
835 1838 861 1883 et
881 1829 1032 1897 patrocinia
1051 1831 1105 1882 late
1121 1849 1173 1899 pa-

200 1922 264 1967 tent.
290 1912 308 1965 i.
326 1929 349 1964 c.
374 1913 420 1981 qui
434 1932 487 1966 non
500 1914 614 1981 respicit
629 1914 663 1964 ud
677 1932 755 1967 auum
771 1912 956 1966 commodante
981 1930 1016 1964 nc
1035 1913 1069 1964 alc
1085 1915 1173 1966 hono-

200 1998 291 2063 rario,
310 1997 381 2064 quod
397 1997 482 2060 desit,
500 2012 562 2047 eum
571 1996 671 2048 Beiero
690 1997 803 2063 cogites.
837 1999 908 2049 Nam
921 2015 955 2049 ne
969 1996 1028 2065 quie
1045 1999 1079 2049 ob
1096 2015 1175 2051 caua-

85 2094 89 2101 ·
200 2096 259 2133 eam
275 2078 406 2130 orandum
425 2079 569 2144 pecuniam
585 2079 719 2132 donumve
733 2079 887 2147 acciperet,
911 2085 1020 2133 cnutum
1034 2088 1094 2136 erut
1107 2084 1173 2152 lego

203 2179 299 2215 eructu.

237 2262 327 2316 Tacit.
345 2261 715 2335 Ann.11,l.ucpuetomeu
736 2264 908 2331 eloquentiam
927 2266 1049 2334 gratuito
1071 2268 1174 2335 coatia7

202 2366 273 2419 gere.
300 2349 328 2400 h.
344 2365 368 2400 e.
394 2364 448 2399 non
465 2346 522 2398 eine
538 2346 796 2416 magnoimpendio.
877 2328 885 2349 ⁸

236 2451 268 2502 In
284 2449 352 2502 lucie
368 2450 478 2503 Sueton.
493 2437 632 2502 Gaeessl'l.
655 2454 683 2501 et
704 2449 799 2501 Tiber.
822 2447 864 2502 48.
896 2423 1068 2504 Burmannus
1081 2459 1108 2507 cl
1122 2457 1175 2508 Er-

201 2534 304 2587 nestiue
327 2535 397 2586 bene
418 2533 610 2586 intellexerunt
637 2549 696 2586 cero
723 2532 888 2586 odicclirum
916 2533 950 2586 de
976 2538 1092 2604 pecunia
1116 2540 1175 2594 sino

114 2630 117 2635 '
202 2619 315 2671 foenore
330 2617 441 2672 credito.

219 2761 249 2818 2.
270 2755 358 2818 Tum
375 2754 490 2832 etiam,
510 2753 558 2816 uti
579 2752 712 2838 gratia,
735 2749 874 2831 iudicat,
902 2774 973 2817 non
988 2752 1084 2820 aliam
1101 2779 1175 2823 rem

135 2840 306 2927 impellere
321 2840 360 2903 ad
378 2837 558 2924 agendum,
580 2838 636 2901 aed
651 2859 729 2919 rem·
740 2835 812 2901 fieri
829 2859 890 2924 per
907 2838 1080 2925 seipsam,
1104 2864 1176 2908 nou
1286 2848 1289 2853 ’

138 2927 258 3005 alieno,
279 2923 331 2988 vel
347 2922 517 2987 commodi
535 2944 656 2986 caussa.

239 3043 350 3097 Sallust.
372 3041 414 3106 16,
432 3041 456 3093 3.
482 3042 577 3093 scilicet
597 3059 630 3094 ue
647 3059 695 3111 per
715 3042 795 3095 otium
817 3048 990 3112 torpescerent
1010 3061 1104 3099 manue
1125 3053 1175 3101 out

206 3128 325 3191 animae,
358 3127 478 3196 gratuito
506 3126 593 3193 potior
625 3126 710 3177 malua
731 3132 808 3194 atque
838 3129 949 3180 crudelia
977 3136 1041 3180 erut.
1097 3130 1178 3197 Quod

206 3210 313 3265 cortina
338 3208 468 3278 explicuit
492 3209 546 3258 aiae
574 3210 705 3272 mercede,
741 3210 904 3262 Gerlaehiue
933 3215 1041 3277 frustra
1068 3220 1094 3266 et
1118 3215 1186 3268 stae·

205 3312 315 3348 concaua
333 3293 454 3345 Kritziue
471 3297 615 3358 utrumque
629 3308 683 3343 unu
700 3291 810 3345 notione
825 3285 1038 3364 comprehendit.
1066 3299 1178 3355 Gratui-

202 3386 258 3433 lom
273 3379 453 3432 crudelitatem
470 3375 538 3428 dixit
556 3375 615 3427 niv.
631 3374 657 3440 3,
674 3374 717 3442 et,
733 3374 758 3426 8.

217 3520 249 3579 3.
274 3513 385 3594 Quare
408 3522 583 3597 usurpatur
608 3511 648 3575 de
672 3532 725 3586 re,
760 3513 812 3576 cui
836 3517 978 3599 agendae
1002 3518 1090 3584 nulla
1114 3519 1176 3586 alia

135 3599 222 3665 ratio
250 3596 439 3678 intercedit,
477 3619 535 3661 nec
561 3596 732 3683 respicitur
756 3597 807 3662 vel
832 3600 871 3665 ad
897 3603 1114 3667 commodum
1143 3615 1177 3669 et

135 3684 328 3780 utilitatem,
350 3683 401 3749 vel
418 3681 459 3746 ad
474 3682 570 3745 aliam
588 3703 743 3746 caussam.
787 3685 944 3750 Germani
960 3687 1071 3751 dicunt
1090 3690 1176 3755 oliae
1197 3714 1205 3733 ‘

135 3779 298 3835 averteres.

240 3886 298 3941 cic.
312 3905 339 3955 p.
356 3887 439 3940 Arch.
455 3885 481 3952 5,
497 3885 539 3939 1⁰.
552 3887 652 3939 ⁴etenira
674 3904 752 3956 poam
774 3890 943 3942 mediocribus
964 3892 1053 3943 multia
1077 3900 1102 3946 et
1126 3900 1174 3949 out

104 4041 106 4046 Ι
200 3972 278 4025 nulla
300 3978 347 4027 out
372 3973 466 4025 humili
490 3971 581 4040 aliqua
609 3975 666 4024 arte
691 3972 822 4040 praeditio
842 3972 962 4042 gratuito
992 3976 1123 4031 ciuitatem
1144 3977 1174 4033 io
1237 4015 1245 4024 -
