2618 4770
129 278 195 345 166
602 269 709 339 CVM.

127 434 167 499 iis
181 432 294 498 locum
309 427 448 510 habeat,
469 440 554 515 quae¹
571 421 614 493 aci
631 427 781 491 animum
798 423 934 513 eiusque
950 426 1086 495 allectus
1102 450 1188 519 per-

81 514 245 586 tinent.

230 634 286 709 ilis
306 634 411 687 similia
427 630 567 701 exposuit,
584 626 678 683 neseio
695 648 730 685 an
748 631 842 685 verbis
856 650 911 687 nou
928 634 995 689 satis
1021 634 1194 723 perspicuis,

193 720 355 791 Herzogius
370 720 406 773 ad
426 720 539 773 Sallust
560 718 621 772 Cet.
638 715 690 783 51,
709 716 783 771 383
774 722 802 771 ιιι
818 735 852 770 eo
869 718 980 788 quidem
993 710 1095 788 luleus,
1116 712 1194 803 putul¹

195 804 444 899 inpraepositiono
458 803 598 856 notionem
611 803 745 873 temporis
766 802 890 857 continui
911 823 1069 875 expressam
1092 812 1188 881 putate

194 892 247 949 nea
272 898 382 963 potest,
408 896 440 943 ut
461 888 511 940 ille
534 887 637 953 voluit,
658 888 778 941 ambitus
799 890 882 943 huius
903 908 968 944 usus
990 898 1069 945 certa
1085 892 1188 961 regula

196 976 385 1059 determinari.
413 974 478 1029 Alie
493 974 567 1026 euim
580 974 694 1026 nomina
711 972 858 1028 admittunt
869 976 1110 1046 praepositionem,
1129 974 1190 1031 ulia¹

193 1082 246 1120 suu
262 1064 362 1117 natura
374 1064 516 1128 respuunt.
549 1058 593 1110 lta
608 1066 685 1111 recte
702 1057 803 1113 dieitur
813 1060 874 1133 fide
896 1062 1042 1115 amicitiam
1058 1062 1143 1113 colera
1159 1064 1192 1115 et'

196 1168 254 1203 cum
263 1150 340 1217 side,
356 1144 430 1216 quad
446 1152 488 1197 est
504 1144 631 1198 adhibita
644 1144 716 1197 lide.
735 1162 789 1197 non
804 1144 872 1198 item
893 1165 958 1200 cara
976 1146 1091 1215 scribere
1113 1140 1188 1199 litte

140 1244 144 1251 “
194 1255 257 1301 ras,
282 1232 339 1289 sed
344 1248 403 1285 cum
420 1250 501 1284 cara:
520 1247 585 1299 nem
608 1244 704 1281 aurem
726 1246 774 1281 nos
793 1230 980 1289 adltiltemus
971 1248 1000 1284 ιιι
1017 1248 1049 1282 re
1067 1230 1186 1315 agenda·

193 1322 263 1375 lides
285 1324 378 1373 autem
400 1322 492 1387 potest
511 1313 652 1369 amicitiae
678 1314 810 1369 colendae
834 1332 932 1369 caussa
951 1322 979 1369 et
997 1322 1095 1370 auctor
1117 1332 1186 1371 esse.

193 1394 351 1461 Haemode
370 1420 388 1457 a
405 1402 541 1456 Cicerone
560 1398 663 1453 dicitur
681 1401 786 1452 ratione
806 1407 831 1452 at
849 1402 895 1454 via
915 1402 1060 1455 orationem
1078 1398 1199 1469 halem·

139 1484 142 1489 ¹
193 1494 300 1547 ratione
314 1488 516 1559 philosophari,
535 1491 564 1538 et
578 1484 614 1537 al)
629 1484 724 1537 aliis
712 1502 771 1537 aare
791 1485 895 1553 olipuid
909 1488 1019 1551 facere·
1037 1496 1103 1539 natu
1120 1490 1193 1539 mo-'

195 1578 245 1630 clue
259 1570 449 1642 intelligitur
440 1571 526 1640 rpsius
545 1570 590 1623 rei
606 1571 740 1641 agendae.
775 1568 831 1623 Sed
848 1571 964 1640 regula,
982 1588 1065 1641 qnam
1080 1572 1188 1641 errtsp-¹

195 1662 249 1714 tius
265 1660 389 1711 (drumm.
407 1674 435 1709 ιι.
450 1656 538 1710 422·
528 1674 556 1709 ιιι
570 1674 649 1710 usum
664 1654 957 1724 tironumcamposuit,
966 1673 1047 1725 quesn
1036 1656 1189 1726 ’simplici

194 1734 365 1799 substantivo
381 1758 491 1811 semper
505 1742 622 1795 addatur
639 1740 824 1812 praepositio,
846 1738 874 1793 in
893 1740 1032 1794 adiectlvo
1054 1740 1189 1796 adiuncto

196 1837 226 1884 et
239 1828 305 1899 poni
321 1833 350 1881 at
365 1827 455 1880 omitti
470 1827 572 1896 possit,
590 1828 714 1881 diversas
728 1826 824 1879 modos
841 1824 998 1893 confundit,
1019 1832 1048 1880 et
1064 1826 1101 1879 ed
1119 1836 1184 1896 pet·-

157 1968 161 1973 .
192 1934 276 1970 verse
296 1911 401 1967 iudicia
426 1913 546 1985 deducit.
582 1912 639 1967 vid.
660 1911 777 1967 Hessius
800 1911 836 1965 ed
857 1910 949 1964 Tacit.
972 1913 1068 1965 Germ.
1090 1911 1142 1977 4⁰,
1156 1910 1193 1967 5.“

138 2056 143 2070 ,
185 1990 264 2059 'Nam
276 1998 404 2053 adiuncto
420 1990 558 2052 adiectivo
576 1996 685 2051 exsistit
697 1996 772 2052 ratio
794 1997 905 2051 diversa
925 1996 1048 2051 eiusdem
1070 2004 1186 2069 senten·¹

139 2082 143 2088 ’
192 2085 265 2151 tine,
293 2088 377 2152 atque
407 2080 552 2136 conficitur
582 2100 696 2137 caussae
726 2082 857 2137 definitio'
873 2082 1023 2153 singularis
1049 2082 1105 2147 ita,
1142 2076 1182 2149 nt,¹

191 2188 277 2242 quum
287 2169 380 2237 Nepos
394 2167 461 2221 dicit
474 2168 679 2238 Epaminondas
689 2188 708 2223 a
725 2170 825 2223 iudicio
842 2170 938 2239 capitia
954 2169 1074 2221 manime
1087 2168 1183 2221 durm-

192 2258 229 2312 eit
242 2256 344 2329 gloria,
367 2252 503 2307 tentantia
517 2253 570 2309 sits
587 2254 732 2320 discessit,
752 2250 836 2324 quum
853 2258 925 2306 esset
942 2253 1034 2323 gloria
1050 2254 1180 2307 maxilua.

194 2342 228 2396 Si
249 2338 404 2407 scripsisset
427 2340 546 2391 marimo
572 2357 631 2391 eam
650 2342 758 2410 gloria,
781 2341 939 2393 videremus
960 2338 1182 2407 Epaminondam

192 2444 250 2483 una
272 2442 336 2479 cum
359 2422 466 2494 gloria,
486 2440 558 2493 qnae
575 2425 699 2477 maxima
722 2430 799 2492 erat,
823 2425 842 2479 i.
859 2444 883 2479 e.
901 2442 957 2479 uon
978 2423 1038 2477 sine
1059 2424 1181 2477 maxima

190 2511 284 2585 gloria
304 2508 469 2562 discessisse.
505 2509 585 2575 Quae
601 2510 803 2563 llamslrornius
817 2510 847 2564 in
866 2513 991 2565 Gramm.
1009 2526 1037 2577 p.
1053 2507 1117 2561 252.
1135 2508 1182 2560 do·

193 2598 267 2662 cuit,
285 2594 413 2663 equidem
428 2612 482 2646 nou
501 2592 637 2663 intelligo.
672 2594 833 2648 ablativum
848 2595 966 2670 npmiuie
984 2610 1048 2646 oum
1067 2592 1182 2647 adiecti-

192 2700 228 2737 vo
245 2680 420 2734 coniunctum
433 2678 555 2732 illustrat
569 2678 675 2733 Bremi.
695 2679 731 2733 ed
749 2681 858 2734 (lornei.
875 2680 947 2734 Milt
961 2681 996 2746 1,
1014 2679 1040 2734 4.
1096 2738 1099 2743 ,

239 2784 297 2838 cic.
315 2783 350 2835 (le
367 2781 429 2835 Nat
446 2782 473 2833 d.
487 2781 522 2847 2,
536 2779 586 2847 23,
601 2780 645 2837 59.
664 2772 808 2841 multituda
823 2803 871 2837 nec
886 2785 1044 2837 cessantium
1062 2782 1181 2849 daomm,

189 2888 239 2926 nec
250 2888 293 2935 eo,
311 2885 379 2938 paea
394 2874 491 2939 agant,
508 2868 672 2921 molientium
691 2888 750 2922 cam
774 2854 866 2923 laiere
887 2886 994 2938 operoso
1011 2886 1042 2941 ap
1063 2869 1181 2921 molesto.

189 2958 263 3012 Plin.
282 2952 369 3023 Epist.
383 2952 416 3018 2,
432 2952 483 3019 19,
498 2950 525 3005 5.
549 2961 581 3006 at
601 2972 642 3020 ea,
662 2972 730 3024 quoe
742 2956 895 3025 scripsimus
917 2971 976 3005 cum
992 2954 1100 3018 labore,
1123 2972 1183 3007 eum

191 3044 284 3095 labare
299 3040 380 3091 etiam
396 3038 488 3089 audiri
499 3044 631 3107 putemus.
665 3038 728 3094 Irin.
742 3040 815 3109 Epit.
831 3038 874 3092 81.
909 3037 1005 3093 lustin.
1023 3037 1074 3104 12,
1088 3036 1121 3105 7,
1137 3036 1188 3115 13.

82 3150 85 3155 ·
188 3126 310 3181 institut.
323 3124 451 3175 Prooem.
471 3121 497 3175 l.
518 3141 628 3193 priorum
643 3131 783 3194 utramque
795 3124 868 3177 uiam
885 3141 943 3195 cum
956 3116 1188 3195 annisviginti

189 3224 343 3277 mmmapuc
359 3208 531 3277 prouidentia
553 3216 686 3262 annuente
707 3210 756 3262 deo
774 3209 942 3279 perfecimus.
977 3208 1035 3263 Cic.
1059 3208 1095 3261 de
1116 3209 1180 3265 Fiu.

190 3295 227 3361 1,
237 3294 272 3358 3,
287 3292 313 3347 9.
334 3309 460 3360 mem·-
423 3293 559 3345 -locsm
573 3310 632 3345 aum
646 3295 733 3347 malta
747 3300 885 3347 venustate
902 3300 927 3345 et
944 3311 1015 3346 mnne
1010 3294 1086 3348 eale
1108 3294 1182 3349 idem

191 3378 319 3432 inscitias.
335 3375 385 3429 ubi
400 3376 537 3430 llattlriae
558 3395 616 3431 eum
637 3376 827 3432 obiiciendum
847 3395 907 3431 esse
927 3384 1021 3447 putat:
1043 3386 1085 3433 est
1100 3396 1181 3449 vero,

137 3518 139 3524 ,
192 3462 340 3516 admodum
356 3468 503 3513 venustus.
526 3480 580 3516 nea
600 3462 722 3533 pertinet
739 3462 909 3533 praepositio
929 3460 964 3515 ed
983 3454 1083 3517 nomeu
1103 3466 1179 3521 salis.

189 3546 252 3601 Liv.
273 3544 324 3611 38,
347 3543 396 3611 19,
412 3543 438 3598 4.
460 3548 632 3601 Athenienses
657 3566 714 3600 mm
737 3550 842 3603 silentio
867 3549 957 3601 auditi
978 3556 1047 3603 sant.
1085 3550 1187 3619 Tacit,

189 3632 259 3687 Aun.
274 3630 308 3696 1,
323 3628 365 3684 tt.
398 3630 470 3686 Plin.
486 3632 554 3686 l’an.
571 3632 621 3699 83,
637 3632 663 3687 8.
683 3652 736 3687 ιιοιι
749 3640 775 3686 ct
789 3634 849 3702 ipsa
864 3652 923 3686 cam
938 3636 1041 3688 silentio
1057 3636 1177 3691 incedat.

190 3717 264 3790 quod
284 3716 396 3770 Sallust.
412 3718 474 3787 Ing.
492 3716 559 3785 106,
576 3718 601 3772 4.
624 3719 693 3773 dixit
711 3718 816 3775 cilentio
831 3720 933 3790 egredi.
968 3721 1060 3774 Pleut.
1075 3722 1179 3790 Amph.

187 3799 328 3867 1,1,89.
354 3821 476 3857 mammo
497 3822 555 3856 eam
578 3805 692 3858 clamare
710 3805 838 3861 involant.
874 3803 936 3859 Liv.
951 3805 985 3871 2,
1005 3804 1056 3871 23,
1073 3805 1099 3859 8.
1118 3824 1181 3860 aum

189 3884 304 3940 alamo're
334 3886 364 3938 in
387 3887 480 3954 serum
513 3890 637 3942 curritur.
662 3888 682 3942 i.
708 3880 907 3944 e.'clamantes
940 3896 1061 3943 currunt.
1111 3892 1179 3946 tlte

143 4046 146 4051 Ι
187 3970 252 4028 vide
273 3971 345 4040 apud
365 3960 505 4028 Drakenlt.
527 3973 562 4026 ad
585 3972 636 4039 24,
655 3971 767 4040 31,19.
811 3978 890 4030 Caes.
914 3977 948 4028 B.
977 3973 1046 4044 gall.
1069 3974 1106 4041 8,
1130 3974 1175 4029 52.

187 4074 291 4123 summa
313 4073 371 4109 cum
390 4060 524 4111 celeritate
543 4060 580 4111 ad
601 4060 742 4117 coercitum
757 4060 979 4115 Nemetocennam
994 4060 1084 4112 rediit.
1117 4058 1176 4114 vid.

160 4146 164 4151 ·
190 4138 364 4211 omnum.
379 4144 416 4200 aa
430 4144 505 4201 neu.
524 4122 633 4216 auin.
648 4144 682 4213 1,
696 4142 723 4201 a.
756 4146 849 4205 eune
865 4145 926 4204 uu.
940 4142 976 4211 t,
990 4143 1025 4212 1,
1039 4142 1058 4201 o
1073 4142 1129 4215 (ι).
1148 4146 1183 4200 a
