2618 4770
546 261 680 329 ERGO.
956 318 958 328 s
1076 271 1141 337 463

188 421 247 476 aa.
271 419 306 475 ae
326 419 405 474 nam.
425 416 469 485 m
482 415 526 483 ιι,
541 414 568 470 1.
595 394 907 488 montanianum,
934 423 1005 491 qao
1026 427 1142 482 mmm
1191 402 1195 421 ¹
1250 434 1256 447 κ

154 509 221 564 aim
239 507 299 574 fuit
322 512 460 576 optatum,
490 511 522 557 ut
550 505 666 558 manium
686 505 890 568 Marcellorum,
923 507 1143 565 Marcellinorum

153 596 236 650 etiam
254 591 399 660 (mirificus
420 591 490 642 enim
512 589 627 641 nominis
649 605 681 641 ac
703 589 810 658 generis
830 588 912 641 uestri
926 592 986 657 fait
1009 611 1078 663 erga
1100 613 1143 648 me
1184 610 1187 619 ·

154 694 258 748 semper
272 675 392 742 animus)
410 675 536 744 quoniam
550 692 615 744 ergo
636 673 678 726 ita
695 675 809 738 accidit,
836 681 867 727 ut
891 676 1006 729 omnium
1026 677 1144 732 oestrum

152 764 243 819 studio
257 769 319 814 tuus
333 761 485 815 consolatus
499 749 654 827 satisfacere
667 766 769 828 posset,
786 786 821 797 -
838 767 900 828 peto
923 779 941 814 a
963 768 1003 828 te,
1029 764 1059 815 id
1073 766 1144 832 qood
1200 766 1202 771 ’

146 848 315 916 facillimum
332 848 414 912 factu
435 847 485 911 eit,
506 873 542 886 —-
560 851 590 897 ut
612 860 691 912 quum
713 843 1011 911 donorofioentiseimnm
1033 857 1145 902 senatus
1169 858 1172 865 '

152 933 300 992 consultum
316 929 414 982 litteris
436 931 500 982 meir
516 929 633 982 recitatis
640 928 799 993 faciendum
815 947 897 982 cures.
916 931 1000 984 Tnso.
1017 931 1042 998 l,
1056 932 1083 999 l,
1099 933 1145 988 14.

152 1035 231 1082 amne
250 1016 455 1085 pronuntiatum
474 1015 524 1082 (sic
547 1013 617 1067 enim
638 1013 706 1064 milei
727 1013 757 1064 in
775 1014 932 1081 praesentia
953 1019 1083 1084 occurrit,
1112 1025 1145 1072 nt

151 1103 318 1172 appellarem
333 1095 460 1166 ἁξίωμιιι
487 1106 551 1151 utar
561 1105 623 1168 post
637 1098 707 1163 olio,
727 1098 751 1150 ei
766 1098 890 1167 inuenero
905 1101 1012 1166 melius)
1033 1102 1062 1153 id
1077 1121 1144 1173 ergo

151 1194 192 1240 est
202 1186 423 1256 pronuntiatum,
441 1185 511 1252 qnod
528 1190 567 1236 ost
580 1200 670 1236 oerum
687 1188 736 1235 aut
745 1184 858 1250 salsum.
892 1183 1038 1254 inquibus
1051 1187 1145 1242 veriat

149 1269 286 1326 orationis
300 1270 400 1322 forma.
431 1269 486 1322 vid.
502 1269 627 1320 Krihner.

168 1372 203 1437 4.
232 1373 404 1438 Interdum
428 1395 513 1459 crgo
533 1380 613 1457 post
635 1370 851 1457 parenthesin
873 1373 996 1460 excipit
1017 1376 1143 1440 oratio-

105 1480 163 1533 em
179 1462 225 1526 ita
247 1460 490 1545 interruptam,
512 1467 549 1520 ut
571 1477 668 1520 nova.
684 1457 874 1521 instituatur
890 1457 1017 1540 forma,
1043 1471 1143 1547 atque

105 1544 313 1611 nocoluthon
336 1547 482 1610 exsistat.
527 1539 580 1607 cf.
609 1543 771 1609 Goerenz.
796 1542 838 1608 ad
863 1544 930 1610 Cic.
953 1544 995 1631 de
1015 1544 1088 1611 Fin.
1110 1553 1143 1629 2,
1188 1608 1192 1616 ,
1244 1618 1248 1630 ,

105 1632 140 1717 ι,
161 1637 238 1698 113.

154 1772 157 1779 ·
191 1751 250 1810 Cio.
267 1752 301 1804 tle
315 1749 376 1804 nin.
391 1750 418 1817 2,
433 1749 475 1817 34,
491 1749 553 1803 113.
585 1767 632 1803 nec
653 1750 684 1803 id
703 1767 735 1802 ec
751 1749 836 1802 animi
856 1751 940 1804 solum
952 1754 1092 1821 partilem,
1111 1754 1145 1807 iu
1227 1817 1231 1824 ι

154 1837 250 1907 quibus
259 1839 326 1889 inest
336 1837 463 1888 memoria
478 1853 567 1887 rerum
581 1836 815 1888 innumerabilium
831 1836 906 1903 (inde
916 1839 1020 1906 quidem
1033 1838 1146 1905 infinita

139 1922 225 1976 ¹inest
246 1923 396 1975 coniectura
418 1921 627 1988 consequentium
647 1939 682 1959 -·
710 1922 851 1990 mortisque
880 1923 1054 1992 contemptio)
1078 1940 1146 1994 ergo
1186 1969 1192 1975 .

156 2007 224 2060 laec
239 2009 267 2060 in
286 2007 391 2059 animis.
413 2005 496 2058 Tunc.
511 2006 536 2069 1,
552 2003 579 2069 l,
594 2004 636 2056 ll.
656 2006 700 2058 vd.
715 2007 809 2072 paullo
823 2012 895 2059 unte.
946 2032 950 2041 =

137 2126 154 2179 ·,
172 2108 205 2174 5.
226 2108 397 2172 Peculiaris
414 2118 462 2170 est
484 2107 643 2170 orationis
666 2105 798 2187 forma,
827 2130 910 2194 qua,
940 2097 1146 2195 interpositis
1251 2120 1254 2130 ’

105 2213 176 2280 quae
191 2216 269 2258 rem,
283 2195 448 2257 illustrant
470 2203 503 2275 et
527 2188 727 2281 confirmant
741 2194 920 2280 exemplis,
943 2195 1050 2257 oratio
1067 2217 1148 2280 per-

105 2280 162 2429 {ill
181 2303 242 2367 per
257 2280 507 2345 conclusionem
525 2299 568 2342 ex
584 2277 637 2343 his
659 2278 756 2343 rebus
773 2277 894 2343 factam
917 2279 960 2342 od
975 2281 1147 2367 superiora

105 2386 130 2430 ’e
154 2387 236 2431 rens.
554 2385 557 2389 ’

195 2485 255 2542 cto.
272 2487 355 2540 Taso.
371 2486 397 2553 1,
412 2486 439 2554 2,
455 2485 480 2540 4.
505 2503 635 2541 summam
652 2487 827 2542 eruditionem
844 2487 941 2542 Graeci
956 2485 1036 2541 eitam
1058 2501 1147 2540 cense-

158 2572 226 2625 bant
248 2574 278 2624 in
300 2590 440 2625 nervorum
462 2591 601 2641 uocumque
624 2577 753 2628 cuntibus.
788 2575 883 2644 Igitur·
892 2581 918 2626 et
932 2574 1147 2642 Epaminondas,

158 2656 283 2726 prinecps
297 2675 353 2710 meo
366 2659 463 2710 indicio
473 2656 617 2723 Graeciae,
630 2659 735 2725 fidibus
744 2658 882 2729 praeclare
897 2655 1017 2711 cecinisse
1031 2659 1147 2709 dicitur:

111 2736 115 2742 ’
160 2740 395 2810 Themistoclesque
417 2744 518 2810 aliquot
540 2749 602 2795 ante
627 2744 720 2808 annis,
756 2763 836 2812 quum
858 2740 887 2796 in
910 2743 994 2812 epulis
1015 2746 1149 2795 recusaret
1219 2751 1222 2755 “

159 2824 262 2893 ipram,
282 2825 442 2882 actitabitur
457 2827 596 2880 indoctior.
619 2828 696 2898 Ergo
710 2829 739 2879 in
758 2828 867 2880 Graccis
883 2827 976 2878 musici
985 2829 1149 2893 floruerunt,

162 2910 349 2979 discebantque
364 2912 393 2963 id
409 2930 511 2990 omnes,
528 2929 578 2992 nec¹
590 2912 635 2980 qui
649 2912 797 2976 rrerrciebat,=
812 2909 880 2965 satie
895 2912 1011 2964 eccultus
1026 2911 1150 2970 doctrina
1182 2936 1186 2947 .

122 3054 129 3059 ,
158 2997 317 3065 putabatur.
358 2995 414 3047 Hic
433 3013 497 3065 ergo
519 3011 573 3046 non
599 3001 641 3048 est
662 2997 732 3048 hane
753 2997 941 3060 oleumcum,
967 3000 999 3049 ut
1016 2998 1150 3063 ceperunt

163 3079 300 3132 Goerenz.
316 3080 351 3132 ad
368 3080 426 3133 Cic.
445 3078 479 3131 de
494 3076 554 3132 nin.
577 3098 604 3149 p.
618 3077 679 3131 lte.
697 3085 724 3132 et
737 3076 861 3134 Kithner.
897 3138 900 3147 .

176 3186 210 3246 6.
233 3182 299 3246 Sed
322 3192 400 3245 sunt
422 3181 537 3259 etiam,
566 3183 601 3247 in
626 3183 745 3269 quibus
767 3182 852 3246 nihil
868 3184 1056 3271 praecedit,
1079 3205 1148 3270 quo

105 3266 258 3333 uferatur
273 3268 433 3332 nectenda
449 3268 574 3350 oratio,
603 3268 661 3333 sed
684 3291 768 3356 ergo
791 3270 990 3358 simplicitur
1010 3270 1149 3359 ponitur

105 3374 128 3419 n
143 3354 242 3421 initio
259 3354 489 3441 expositionis.

199 3473 299 3543 virgil.
314 3475 382 3527 Aen.
403 3474 447 3538 10,
471 3473 532 3527 1⁰9.
562 3473 672 3543 accipite
694 3491 759 3545 ergo
782 3473 879 3528 animis
899 3482 979 3546 atque
1003 3475 1069 3530 laec
1089 3492 1149 3529 mea

158 3561 245 3630 figite
263 3561 344 3612 dictu.
513 3564 515 3568 ⁴

203 3661 292 3727 Ciris,
316 3661 435 3731 Virgilio
450 3661 616 3732 adscriptum
632 3675 759 3727 carmen,
780 3661 823 3716 29.
849 3660 1002 3730 opioodium
1015 3662 1101 3714 habet
1115 3661 1151 3713 da

164 3747 249 3816 peplo
259 3742 418 3814 Minervae,
438 3742 629 3819 quotlinoipit'e
647 3762 712 3820 ergo
719 3748 860 3819 palladiae
873 3756 999 3805 tenuntur
1012 3749 1042 3801 in
1056 3747 1151 3801 ordine

126 3870 129 3878 »
161 3848 275 3902 pugnae
291 3838 344 3886 etc.

183 3936 213 3998 7.
234 3936 352 3999 Poetae
376 3935 410 3998 in
432 3935 603 4000 narrandis
619 3936 717 4001 rebus
733 3937 836 4003 verbo
856 3961 939 4026 ergo
956 3936 1153 4023 exprimunt
1186 3968 1190 3978 ·
1224 3989 1229 4022 :

105 4038 317 4105 progressum
338 4032 586 4104 anteventum,
611 4024 669 4108 qui
692 4045 734 4087 ex
756 4024 1023 4095 antecedentibus
1040 4021 1092 4088 vel
1109 4038 1154 4086 ex

105 4125 213 4172 neusse
228 4117 322 4174 antea
339 4107 422 4175 dicta
437 4107 570 4196 pendet.
613 4109 674 4173 Est
695 4132 733 4174 so
754 4132 836 4186 nnn.
872 4156 875 4161 »
966 4168 968 4175 .
