2618 4770
462 324 465 329 ·
543 238 674 348 ansts⁸⁴
753 239 756 244 ’
1046 292 1123 352 eoo·
1185 383 1188 388 Ι

58 453 126 506 tem
146 439 356 526 imputemus.
400 440 503 527 Saepe
520 435 620 502 enim'
635 437 680 502 illi
695 436 859 503 ‚vidintur
875 441 1023 506 omisisse
1046 465 1106 507 co-

57 528 181 624 palam,
191 527 444 607 sententiarum,
470 536 501 590 et
514 525 634 589 dixisse
652 523 815 625 etsi,'ubi
831 547 891 589 nos
906 535 1107 623 poneremus

58 625 92 678 et
111 635 153 674 st.

166 731 244 782 Caes.
261 731 294 783 B.
313 730 379 798 gall.
394 728 419 794 6,
437 727 479 782 40.
508 729 572 792 atti,
599 731 784 794 cereostato,
811 735 842 779 at
856 731 974 782 celeriter
988 750 1108 799 perram·
1199 745 1200 748 ’

124 822 210 885 pont,
234 822 351 878 censeat,
378 817 501 883 quoniam
521 822 576 865 tom
596 815 746 881 propinquo
768 813 821 864 aiot
839 823 944 867 costra:
974 816 1023 868 etsi
1042 837 1108 887 pore

127 903 220 968 aliqua
235 900 409 950 circumvento
426 899 561 961 ceciderit,
581 906 610 949 ot
625 899 737 965 reliquos
752 899 854 948 servari
864 915 940 966 posse
955 903 1106 968 confidunt:
1149 908 1154 917 “

70 1049 72 1053 ¹
129 986 194 1048 atti,
221 991 251 1034 ot
272 984 300 1034 in
318 984 383 1051 ingo
403 983 547 1034 consistant
564 990 641 1050 otqoe
662 983 779 1032 eamdem
800 998 885 1032 omncs
901 985 996 1047 ferant
1009 1003 1106 1039 cotom.

126 1068 282 1125 Necessitas
294 1068 369 1118 nulla
383 1083 441 1117 esre
456 1065 580 1131 videtur,
600 1082 682 1133 qnam
703 1066 909 1132 Oudendorpins
924 1065 978 1119 siti
993 1062 1106 1134 imposi-

67 1148 73 1186 ἶ
130 1163 187 1208 tam
203 1151 392 1215 existimabat,
413 1158 443 1203 ut
457 1151 589 1202 scriberet
605 1159 645 1216 ct,
665 1152 695 1202 si.

163 1254 287 1307 Pessime
302 1252 433 1320 seriptum
452 1259 493 1306 est
506 1253 577 1321 apud
590 1253 687 1337 Livia,
702 1251 743 1318 43,
760 1253 785 1306 8.
812 1270 859 1303 nec
874 1250 950 1315 illos,
977 1259 1003 1304 et
1018 1253 1041 1304 si
1054 1271 1108 1307 aon

90 1403 93 1408 ¹
128 1337 283 1394 odhoitotio
302 1338 487 1404 tooistatects,
513 1357 588 1391 soom
602 1341 694 1392 saltem
710 1339 851 1407 flagitioso
866 1357 900 1374 -’-
916 1354 1008 1406 eogere
1020 1341 1108 1408 potuit

128 1425 244 1496 gradum
262 1423 415 1474 accelerare.
550 1474 552 1483 ,

163 1525 247 1578 Nulla
262 1523 429 1592 ambiguitas
448 1530 562 1595 apparet
583 1524 611 1576 in
628 1524 672 1577 his
690 1523 896 1590 Plautinae,
914 1525 958 1578 21.
987 1527 1046 1581 ioco
1058 1545 1108 1597 per

128 1611 243 1663 Diouem
260 1616 284 1660 et
302 1609 435 1672 Momm„
459 1627 499 1661 me
519 1611 666 1660 nociturum
679 1612 794 1686 nemini,
821 1611 890 1679 qood
906 1628 955 1679 ego
974 1613 1107 1667 hicltociie
1174 1613 1179 1623 '

127 1695 240 1761 vopulo:
261 1694 308 1745 sed
324 1694 390 1744 milri
407 1694 435 1744 id
452 1696 643 1760 acqoefoctnm
661 1696 784 1746 arbitror.
818 1696 856 1747 Et
869 1695 893 1746 si
904 1697 1042 1748 intestatos
1053 1715 1107 1750 oon

18 1839 26 1849 a
131 1779 195 1830 obeo
210 1779 287 1841 ltine,
314 1779 375 1829 bene
393 1777 547 1845 agitarpso
566 1780 653 1833 nocio.
674 1771 835 1830 'Cieliael
854 1779 896 1842 27,
915 1779 973 1831 lat.
999 1783 1044 1832 secl
1060 1799 1107 1834 nee

129 1862 179 1912 illo
191 1863 317 1913 exstineto
335 1868 397 1912 anot
414 1861 538 1926 (aluntur
550 1864 638 1930 potine
653 1871 677 1915 et
691 1871 825 1934 augentur
839 1865 998 1933 cogitatione
1013 1872 1038 1916 et
1052 1883 1107 1919 me-

128 1946 244 2010 πυτία).
271 1952 296 1997 et
311 1945 335 1995 si
346 1946 400 1996 illis
414 1946 495 2011 plone
511 1947 619 1998 orbatas
633 1962 726 2012 essem,
748 1965 877 2017 maguam
890 1954 979 1999 tamen
995 1951 1106 2022 offerret

125 2029 192 2081 milri
207 2036 280 2080 oetas
296 2028 355 2096 ipra
371 2028 503 2079 solatiam.

145 2152 196 2215 14.
221 2151 266 2212 Vt
291 2147 411 2234 quodsi
420 2195 430 2227 ,
456 2146 743 2212 dicebatur'ettam
759 2136 859 2234 'quod
886 2150 949 2212 etsi
973 2149 1007 2212 in
1031 2172 1107 2215 sen·

59 2236 171 2299 tentiis
190 2235 297 2318 aliqua
318 2233 532 2297 conclusione
553 2233 735 2317 iungendis.
766 2233 842 2297 Vid.
860 2234 899 2296 ad
915 2233 1107 2319 Wopkens.

59 2323 151 2387 Leet.
169 2320 259 2384 Tull.
282 2341 315 2402 p.
333 2322 386 2381 36,

166 2441 223 2491 Cic.
239 2439 273 2489 de
288 2437 349 2489 Fin.
363 2435 388 2500 4,
406 2434 432 2498 4,
448 2435 495 2515 10.
516 2436 588 2505 qood·
601 2435 649 2488 etsi
663 2436 778 2506 ingeniis
794 2437 902 2507 magnis
916 2438 1035 2505 praediti
1047 2439 1106 2506 qni-

129 2526 192 2576 dam
208 2522 313 2574 dicendi
333 2520 434 2588 copiam
453 2520 510 2574 aios
531 2521 635 2574 ratione
658 2529 862 2589 cousequantur,
886 2539 931 2574 ore
950 2524 1107 2577 tomandus

130 2608 226 2660 certior
240 2623 318 2674 mom
332 2613 439 2657 antara.

146 2728 178 2812 *)
210 2724 468 2790 Confundnntur
489 2726 532 2790 ob
556 2723 826 2814 significationem
854 2728 1020 2816 aequalem
1043 2719 1107 2792 etsi

64 2824 97 2878 et
117 2814 158 2878 ei.
184 2813 248 2878 vid.
268 2812 410 2877 Orellius
428 2811 467 2875 ad
483 2814 550 2877 Cio.
565 2815 657 2878 Brut.
667 2817 720 2880 76,
729 2819 803 2878 263.
827 2819 879 2896 67,
895 2819 969 2879 238.
993 2813 1056 2876 etsi
1075 2823 1109 2876 et:

64 2900 210 2964 etiamsi.
227 2975 230 2981 .
249 2899 317 2963 Cic.
335 2921 367 2985 p.
384 2897 475 2962 Cocl.
492 2904 524 2977 3,
540 2903 571 2962 8.
602 2899 641 2959 de
659 2896 726 2959 Offi
746 2906 775 2976 t,
793 2901 846 2962 ot.
872 2900 928 2965 ubi
950 2901 1107 2984 Heusing-¹

65 2995 97 3049 ct
114 2985 219 3051 Beier.
238 2987 401 3050 Goerenn.
416 2983 456 3047 ad
471 2984 540 3047 Cic.
557 2982 597 3046 de
611 2982 683 3046 Fin.
704 2987 854 3064 1‚17,56.

431 3277 434 3284 ¹
534 3164 632 3255 nv.

149 3337 201 3403 Ev
218 3359 369 3424 graecum
385 3329 419 3402 εὖ
437 3358 506 3402 esse
526 3326 638 3400 dicunt
653 3335 875 3420 grammatici,
901 3333 989 3422 qnod
1005 3353 1108 3420 quum

68 3430 224 3484 nentrum
240 3423 389 3487 adiectivi
412 3421 462 3498 εὕς
483 3431 569 3487 recte
585 3419 769 3506 appellent,
791 3421 1024 3485 interiectionis
1042 3422 1109 3486 vim

67 3517 98 3568 et
117 3527 229 3587 usum,
258 3531 340 3592 quae
354 3510 386 3570 in
408 3501 472 3589 εὖγε
488 3519 519 3573 et
534 3500 587 3571 saio
604 3514 756 3590 apparet,
785 3527 853 3569 non
872 3505 1109 3571 demonstrant.

65 3591 104 3654 ln
124 3590 187 3653 hoc
206 3614 356 3655 veronen
382 3584 435 3652 εὖα
460 3602 490 3656 et
514 3590 559 3656 εἶα
585 3593 617 3653 et
645 3587 703 3652 εἶεν
724 3600 860 3677 cogneis
885 3594 1108 3671 continentur,

66 3698 150 3761 quae
167 3678 205 3739 ab
221 3677 456 3740 exclamatione
479 3677 668 3744 naturaliter
691 3672 989 3742 faota'notionibns
1014 3676 1108 3738 simi-

64 3762 147 3825 lium
164 3762 352 3842 verbornm,
372 3783 453 3846 qnae
468 3762 564 3825 istam
581 3759 950 3845 familiam-cognatione
966 3760 1108 3846 quadam

67 3849 247 3932 attingunt,
284 3846 532 3923 accommodata
553 3855 639 3910 sunt.
693 3844 821 3910 Moram
845 3846 1107 3911 interiectionem

68 3931 223 3997 Germani
247 3932 369 3996 habent
395 3931 436 3995 ei.

150 4044 304 4113 Latinum
320 4039 517 4112 vocabulum
541 4039 696 4122 estsine,
724 4041 780 4136 qui
803 4038 958 4104 laetitiam
982 4059 1024 4135 en
1044 4036 1110 4100 ima
1133 4092 1137 4098 .

111 4141 152 4206 lt.
218 4145 224 4161 ³
768 4143 810 4204 39
