2618 4770
124 316 189 379 312
589 294 700 363 DVM.

121 466 184 531 bus
197 456 394 546 intelligitur
405 465 538 541 tempus
554 448 843 530 conditionatum,
856 450 926 515 sive
941 449 1084 515 termini
1100 470 1173 517 con-

125 549 251 617 ditione
272 544 508 616 constitutum,
538 548 594 604 uut
622 534 851 601 conditionem
876 534 1021 600 addens:
1051 534 1095 601 de
1116 558 1173 625 quo

151 634 239 705 uullo
270 639 349 720 post
382 627 499 691 dicum.
558 622 712 689 Alterum
741 622 804 687 sibi
832 621 977 687 vindicat
1007 632 1175 711 poetarum

125 659 269 787 licentis.
312 712 468 779 Tertium
490 710 635 799 pertinet
651 709 691 773 ad
709 708 844 773 serioris
861 709 1026 794 temporis
1041 709 1176 795 scripto·

34 834 38 839 ·
128 806 265 885 recita,
295 809 334 865 ut
356 798 408 865 vel
438 819 478 862 ex
503 795 568 860 hoc
593 804 789 881 argumento
817 793 860 857 de
883 804 989 859 estete
1013 816 1052 859 uc
1078 794 1174 860 studio

131 912 249 957 eorum
267 886 386 953 certius
403 882 565 949 iudicium
578 880 726 970 proferri
743 880 857 968 possit.

142 1068 146 1073 ·
238 1038 410 1096 Gronovium
422 1036 530 1108 sequuti
546 1041 610 1093 suut
625 1034 722 1089 multis
743 1032 852 1089 Certim
868 1033 903 1087 ud
920 1032 1035 1088 Sallust
1044 1033 1175 1107 lugdu.

81 1164 85 1171 ·
141 1172 145 1181 .
202 1133 231 1183 ct
239 1128 300 1192 101,
315 1124 342 1179 b.
375 1117 863 1185 Burmann.su1²hssur.u,1⁰‚1e.
897 1119 1028 1171 Arutnen.
1043 1122 1080 1174 ud
1095 1122 1174 1179 citou,

201 1215 272 1270 nist.
290 1231 318 1283 p.
332 1207 395 1263 ltu.
429 1208 452 1263 l.
467 1211 505 1263 Η.
520 1206 631 1260 Vossius
650 1204 685 1259 ud
700 1203 805 1257 Tituli
818 1204 844 1270 2,
859 1203 886 1270 ὃ,
899 1203 943 1258 21.
982 1205 1175 1276 Oudendorpiu

204 1316 284 1353 suum
312 1293 476 1349 sententium
503 1291 628 1362 exposuit
655 1291 690 1344 ed
716 1289 830 1343 Sueten.
853 1290 925 1359 Aug.
947 1288 993 1345 94.
1037 1291 1177 1347 crerieriet

205 1390 299 1439 eutem
310 1381 346 1435 ud
355 1376 502 1445 niveus
511 1379 536 1430 1.
555 1373 712 1431 soloecismi
726 1378 808 1426 netem
821 1374 893 1426 lrsuc
909 1374 1059 1428 dictionem
1073 1375 1177 1429 eximere

205 1467 324 1530 studuit,
353 1463 441 1532 ipsius
464 1460 599 1517 Gronovii
622 1456 788 1514 euctoritutc
808 1474 889 1523 usus,
915 1458 963 1526 qui
986 1460 1098 1527 quidem
1114 1460 1179 1529 pee-

198 1551 282 1622 ·cepti
295 1548 340 1605 rut
353 1548 500 1601 mmsmor
514 1543 558 1611 35,
573 1542 617 1610 36,
628 1543 655 1598 7.
677 1542 834 1597 coniecerat
847 1543 997 1611 legendum
1014 1560 1092 1598 esses
1115 1546 1178 1597 libcr-

205 1644 292 1691 tutem
312 1634 375 1688 dum
395 1632 501 1687 restitui
522 1631 665 1685 uideretur.
698 1626 778 1681 Idem
799 1626 902 1683 eccidit
923 1626 1034 1684 Clerico
1048 1628 1079 1685 iu
1091 1625 1178 1693 Isiub,

208 1718 253 1789 nr,
271 1718 314 1771 ro.
838 1792 855 1837 o

244 1850 329 1906 Multi
347 1848 458 1918 decepti
479 1853 542 1904 sunt
564 1848 595 1903 iu
617 1848 652 1901 iis
675 1844 763 1913 locis,
789 1861 906 1916 quorum
928 1853 1069 1903 sunctum
1087 1848 1185 1918 antiqu

156 1950 161 1967 ¹
210 1940 269 2003 est,
283 1933 372 1988 veluti
385 1934 443 1987 cic.
461 1934 495 1988 url
510 1936 566 1988 An.
581 1932 607 2000 5,
623 1932 666 1986 lt.
685 1934 749 1987 dum
766 1933 911 1986 instestinis
924 1951 972 1987 nos
986 1950 1107 2001 msemus,
1124 1936 1186 1987 itinn

206 2022 298 2093 pueris
314 2022 399 2072 locum
413 2036 467 2072 csse
483 2018 654 2073 bellissimum
670 2017 798 2072 ducimus.
820 2017 933 2071 Sueten.
946 2018 1011 2073 Ner.
1018 2017 1063 2073 85.
1090 2021 1185 2089 Rufiue

214 2105 367 2175 Crispinum
383 2128 419 2143 -·
439 2105 613 2174 mergendum
635 2104 721 2168 muri,
747 2104 810 2155 dum
828 2104 997 2173 piscaretur,
1023 2105 1107 2159 seruis
1121 2102 1186 2175 ipsiu

213 2190 396 2244 demandauit.
424 2187 473 2240 ubl
496 2184 620 2242 Oudeud.
650 2185 767 2259 corrigit
791 2205 878 2257 quum.
920 2188 1033 2241 Sallust.
1057 2188 1118 2245 cst
1133 2180 1186 2255 1,(

213 2276 252 2329 sic
274 2292 302 2328 se
318 2274 424 2343 quisquc
440 2274 540 2325 bostem
548 2273 653 2339 ferire,
675 2290 781 2325 murum
796 2274 971 2341 adscendere,
990 2274 1122 2343 conspici,
1143 2276 1186 2326 dns

214 2360 271 2414 tete
285 2359 396 2425 fucinus
408 2358 532 2422 fuceret,
545 2359 734 2426 'properabat
777 2357 889 2410 Sueten.
913 2356 986 2426 Aug.
1008 2356 1052 2411 94.
1090 2358 1148 2411 cic.
1172 2351 1186 2405 d

211 2443 294 2497 'Oret
303 2442 329 2507 l,
341 2440 384 2507 41,
392 2439 451 2492 18³.
480 2442 527 2494 boc
541 2442 625 2505 uideo,
642 2442 706 2493 dum
722 2442 836 2495 breuiter
849 2442 975 2493 voluerim
990 2443 1090 2507 dicere,
1107 2444 1183 2495 dictu

213 2544 233 2580 n
249 2544 290 2580 me
305 2543 360 2580 esse
370 2526 466 2596 paullo
484 2525 627 2578 obscurius.
646 2543 673 2592 p.
690 2527 786 2579 Pleno.
801 2525 844 2592 49,
858 2525 900 2579 95.
920 2538 947 2595 ρ’.
962 2527 1036 2578 llius.
1052 2525 1097 2593 24,
1116 2525 1158 2581 48.

255 2660 360 2716 Omitto
381 2662 458 2715 locos
480 2658 666 2729 antiquiorum
686 2659 868 2727 scriptorum,
903 2659 933 2712 in
956 2659 1057 2729 quibus
1078 2659 1186 2715 melios

219 2745 289 2799 libri
309 2745 457 2814 integrum,
480 2744 647 2815 scripturum
677 2744 845 2811 praesentis,
884 2752 931 2798 eut
952 2745 1112 2815 porticulus
1134 2765 1186 2817 que

219 2846 293 2883 nunc
311 2828 496 2897 suppeditant.
524 2828 559 2881 Iu
572 2828 636 2883 eliis
652 2828 813 2883 coniectus-n
829 2828 891 2881 tulli
906 2848 961 2882 non
974 2847 1129 2897 possumus.
1164 2831 1187 2884 S.

219 2915 294 2982 apud
303 2913 435 2981 Quinctil.
459 2914 585 2967 Declum.
597 2911 677 2979 121.
697 2916 760 2968 dum
772 2931 813 2966 mc
827 2915 861 2966 ab
875 2921 984 2984 utroque
1004 2918 1091 2969 animi
1104 2934 1187 2987 gener

219 3015 321 3065 semper
329 2998 397 3065 quod
405 3000 520 3068 impulit,
532 2998 657 3064 abducat,
677 3007 703 3053 et
717 3002 746 3053 in
757 3000 936 3069 pertinacium
951 3002 1187 3071 desperationemp

222 3089 345 3134 neutrum
362 3084 429 3135 mibi
444 3084 504 3136 licet
525 3086 645 3152 perferre
663 3084 833 3153 patientium.
856 3085 1024 3136 vocabulum
1042 3086 1119 3151 licet,
1139 3104 1187 3156 que

223 3165 253 3218 in
267 3166 393 3218 omuibus
411 3167 492 3220 libris
505 3167 626 3236 legitur,
650 3168 727 3222 vium
740 3173 873 3221 monstrnt
886 3168 921 3220 ud
936 3167 1138 3223 emendandum
1153 3188 1187 3223 vo

144 3271 146 3275 ·
224 3252 353 3304 obducat.
387 3250 459 3303 Num
478 3269 559 3305 nemo
584 3268 648 3305 cum
667 3252 812 3307 Scbcffcro
835 3252 866 3304 in
888 3252 969 3306 Misc.
990 3254 1108 3308 Observ.
1138 3255 1174 3309 T.

223 3350 251 3403 p,
267 3332 327 3387 454.
353 3333 582 3405 interpretabitur
603 3338 753 3391 dummodo.
787 3338 819 3389 ln
840 3336 915 3391 Livii
930 3338 975 3404 21,
991 3338 1035 3405 43,
1052 3340 1079 3393 1.
1101 3340 1187 3394 dums

145 3422 162 3445 “·
225 3419 328 3487 utipuot
347 3423 471 3489 spectetis
493 3424 605 3494 paribus
626 3424 735 3493 effectos
759 3422 916 3487 dimisisset,
942 3426 1063 3477 concione
1082 3424 1149 3477 inde
1166 3442 1185 3477 n

224 3511 320 3555 uocatu
339 3503 379 3555 itu
402 3507 476 3575 opud
498 3525 541 3561 ece
564 3509 686 3577 loquutus
702 3510 803 3574 femur.
848 3508 1003 3561 Gronovius
1027 3508 1188 3563 necessariu

224 3586 296 3641 uidit
317 3604 378 3642 ceso
400 3608 497 3661 quum.-
521 3586 593 3663 quod
615 3590 642 3659 1,
662 3588 706 3658 49,
726 3591 753 3647 t.
779 3590 867 3662 aliqui
889 3599 964 3649 certo
985 3592 1096 3649 codices
1114 3596 1188 3651 subu

226 3676 314 3727 tuuut.
640 3688 643 3693 ·

264 3792 415 3849 Poeterum
431 3792 502 3848 hoec
516 3798 594 3850 sunts
614 3795 694 3850 out.
713 3813 748 3853 ex
762 3798 842 3855 Pont.
858 3798 923 3867 ue,
935 3799 961 3854 2.
979 3800 1059 3865 adse,
1079 3800 1145 3853 dum
1159 3798 1188 3853 tit

231 3893 300 3945 quus
314 3882 386 3945 cidi,
404 3884 527 3947 cessem.
554 3878 605 3935 ubi
627 3898 721 3937 seusus
741 3902 797 3939 nou
817 3890 907 3955 potest
927 3903 1002 3939 essee
1033 3902 1087 3937 non
1108 3883 1187 3955 longi

232 3978 333 4031 quum,
352 3970 410 4019 tem
426 3963 474 4017 diu
489 3982 579 4035 quum.
614 3966 718 4023 'libuli
740 3970 767 4035 2,
781 3968 809 4037 3,
823 3971 865 4024 2L
883 3969 954 4038 (19.)
980 3988 996 4023 o
1013 3971 1114 4039 quoties
1127 3986 1188 4025 eust

229 4056 336 4101 caneret
355 4051 419 4101 dum
440 4050 512 4103 caue
534 4052 583 4103 sub
606 4052 682 4119 ultu,'
718 4072 841 4125 rumpere
865 4057 971 4123 mugitu
991 4056 1117 4109 carmine
1139 4056 1188 4109 doc

193 4202 197 4209 ι
231 4128 397 4225 bsoemubi
418 4130 513 4189 critici
534 4134 703 4205 sormunt
724 4156 814 4209 psum,
856 4139 956 4209 ungis
979 4141 1085 4210 usurp.
1108 4138 1136 4207 4,
1157 4136 1189 4191 44
