2618 4770
488 272 629 344 .c1To.
670 272 827 343 cmvs,
1149 285 1192 357 rt

162 454 223 505 rum
234 432 278 499 sio
293 431 453 585 bianum
469 436 530 497 est.
572 429 668 512 Quae
688 430 881 498 Gronovius
895 400 1088 522 comparat,
1111 436 1195 505 alie·-

162 527 293 589 arnor.
364 528 490 583 ortasse
512 519 678 605 integram
700 518 900 606 scripturam
923 521 1065 590 servavit
1087 525 1194 592 codex

112 670 117 699 ἶ
164 606 326 697 emulos,
355 604 485 688 Titios,
511 598 548 668 V
548 604 653 669 ectios
659 648 671 681 ,
692 603 866 671 Plautios.

111 712 124 779 3¹
250 741 312 799 Hoc
325 744 389 797 loco
405 746 548 810 mamm
562 745 639 797 corto
663 736 782 810 quolam
802 744 966 813 argmenta
988 758 1053 800 usus
1070 749 1188 803 ostile·

109 858 114 883 ι
216 828 307 895 celim,
327 834 359 883 ut
373 826 465 883 Tacit.
482 827 550 881 Anu.
567 826 617 893 11,
631 822 675 878 16.
693 825 852 880 coniectore
868 827 1027 884 emendaret
1051 831 1108 887 iter
1132 853 1193 889 soe-

109 938 114 951 ·
213 914 266 985 pins
281 912 457 967 vinolentiam
471 912 509 966 eis
523 910 655 966 libidines.
672 926 722 977 pro
738 928 771 962 ae
785 912 916 966 illidium.
932 914 1006 967 lllud
1021 933 1088 971 voro
1098 935 1136 981 ne
1150 921 1193 975 la-

114 1040 117 1045 -
214 999 292 1053 mum
308 996 421 1066 qnldsm
434 1004 495 1051 esse
512 1002 615 1067 putem,
633 993 815 1047 vinolentiam
829 1001 930 1063 autom,
952 1004 981 1052 at
997 1018 1067 1069 quaa
1081 1020 1143 1056 cm„
1157 1014 1193 1058 ,η

109 1102 113 1149 ·,
215 1098 314 1150 semper
327 1083 486 1137 coorientur
500 1082 641 1144 libidines,
657 1077 687 1130 io
705 1079 860 1146 Germanis,
878 1083 926 1150 qui
937 1100 955 1136 e
965 1086 1064 1140 Tacito
1081 1088 1194 1144 barbeii

217 1172 358 1236 imunt,
374 1184 497 1240 negare,
517 1160 703 1223 verocundiae
717 1169 759 1220 est
773 1164 876 1222 nimios
892 1172 921 1223 et
935 1170 1090 1229 effectam

410 1302 610 1464 erro,
650 1365 871 1465 curvo.

229 1554 318 1633 Cim
337 1552 557 1643 meconium,
578 1554 670 1648 quod
685 1580 788 1625 nemo
804 1552 906 1622 hodie
926 1574 1004 1622 cum
1024 1554 1109 1649 Aug.
1131 1555 1197 1627 Ca‹

152 1640 238 1709 ninio
255 1666 315 1733 per
337 1644 536 1719 metathesin
569 1668 611 1711 ex
643 1642 718 1729 noxii
733 1643 1024 1733 ¹transformatum
1053 1646 1194 1733 putabit,

153 1725 331 1796 factumest
346 1734 390 1797 ex'
412 1731 497 1799 cieo.
537 1732 659 1797 Vossio
685 1733 721 1796 in
738 1728 889 1819 Etymol.
914 1753 950 1817 p.
969 1731 1040 1794 156.
1064 1730 1193 1797 videtur

153 1814 228 1899 citus
239 1816 376 1907 proprie
395 1839 464 1883 esse
487 1830 643 1898 vocotus,
668 1828 701 1881 et
726 1816 823 1904 quia,
847 1814 906 1904 qui
922 1813 963 1878 ab
979 1815 1050 1880 aliis
1064 1838 1193 1884 vocan-

153 1903 284 1967 tersiae
304 1902 446 1991 periculi
469 1902 536 1968 sive
559 1902 692 1969 affectus
715 1924 848 1982 caussa,
869 1900 1018 1966 celeriter
1041 1903 1193 1970 accedere

155 1983 276 2073 solemt,
296 1987 427 2055 veloces
442 1988 505 2055 dici
521 1988 627 2073 citos,
646 1989 712 2054 nisi
731 1987 774 2053 sit
790 1989 911 2065 citum,
933 1987 1025 2075 quod
1042 1990 1076 2054 in
1088 1989 1192 2056 itione

154 2078 210 2149 est,
230 2094 257 2137 o·
271 2072 350 2159 sle,
372 2092 426 2139 eo.
466 2076 511 2140 At
531 2098 602 2140 uon
629 2095 745 2139 omnes
766 2072 822 2139 citi
844 2080 1027 2150 vocantur,
1048 2094 1111 2141 nec
1134 2078 1193 2165 quc

113 2174 118 2227 t
155 2168 317 2243 uocantur,
346 2180 482 2249 semper
507 2158 678 2227 festinant.
736 2156 805 2224 Nec
832 2153 956 2223 sufficit
983 2160 1087 2237 ratio,
1126 2182 1193 2248 qua

114 2232 118 2271 ¹
155 2239 358 2311 doederlinus
380 2244 506 2335 pss1322
529 2244 631 2311 Tom.
648 2250 680 2311 2.
705 2244 896 2332 synonym.
915 2259 1054 2310 omnem
1068 2244 1193 2313 horum

116 2340 124 2379 t
156 2328 316 2397 inbormn
343 2341 497 2396 naturam
527 2329 658 2397 reducit
689 2326 731 2393 ad
764 2328 987 2404 voluntatem,
1021 2336 1054 2396 et
1076 2328 1193 2397 'citum

109 2504 110 2515 ¹
158 2517 225 2568 soce
235 2513 290 2567 sut
304 2513 391 2568 nutu
406 2502 447 2568 ad
462 2500 586 2653 anitum
601 2498 767 2591 agendum
786 2508 1046 2568 commoveatur.
1093 2503 1196 2570 Ciere

159 2602 211 2652 non
230 2600 280 2653 est
301 2608 439 2668 vocare,
459 2599 492 2653 et
534 2588 660 2654 illecta
681 2604 814 2654 movere
835 2610 894 2670 eo,
917 2587 1006 2675 quod
1030 2588 1194 2676 significat

109 2688 110 2699 ¹
160 2684 300 2741 enatum
317 2685 352 2740 et
365 2674 607 2753 irritationem,
632 2695 697 2762 qua
713 2672 813 2761 quid,
834 2684 872 2737 ut
893 2696 928 2738 se
949 2687 1102 2754 moveat,
1126 2676 1193 2742 im·

159 2758 291 2842 pellitur,
310 2760 378 2826 sive
393 2758 438 2825 sit
456 2759 560 2825 homo
578 2762 646 2825 sive
661 2782 714 2825 res
732 2781 803 2824 non
821 2759 974 2824 animata.
1017 2758 1066 2825 Ita
1080 2762 1130 2842 fir,
1155 2769 1193 2825 ut
1251 2764 1254 2769 '

160 2842 245 2910 o'tam
264 2846 310 2911 sit
332 2856 364 2911 et
390 2846 442 2927 id,
473 2844 564 2933 quod
591 2846 632 2910 ad
656 2854 787 2911 motum
810 2842 1081 2931 impulsurum,
1103 2855 1135 2910 et
1156 2846 1193 2913 in

117 2934 120 2957 '
160 2930 232 2997 ttius
246 2940 348 2996 motu
365 2930 605 2997 vehementiori
628 2941 768 3019 apparet
789 2928 953 3017 impulsus
977 2935 1010 2992 et
1032 2931 1193 2996 accelera-

115 2970 121 3083 i
158 3010 201 3081 do.
242 3017 358 3098 Quare
372 3016 441 3082 cito
457 3017 652 3104 diciturpro
671 3017 771 3079 citato
788 3020 880 3094 actu,
902 3012 1072 3099 celeriter,
1092 3022 1127 3081 et
1149 3011 1194 3081 ad

156 3104 271 3201 tmpus
285 3098 448 3182 relatum,
472 3121 536 3191 pro
556 3098 646 3167 brevi
662 3111 836 3188 tempore,
857 3098 929 3164 sine
946 3118 1055 3167 mora.
1096 3101 1192 3183 Quae

118 2388 125 2835 ι
158 2432 221 2479 nm
233 2436 300 2483 esse
314 2427 421 2505 putat,
440 2417 499 2504 qui
514 2416 625 2482 auimo
642 2424 675 2482 et
688 2409 857 2480 voluntate
869 2413 1036 2502 praeditus
1050 2416 1193 2485 aliorum

155 3194 215 3253 oua
228 3181 475 3253 confirmantur
491 3204 586 3254 exem
613 3183 654 3251 lis
670 3187 704 3252 in
722 3183 837 3251 lexicis
852 3180 982 3252 abunde
996 3186 1193 3275 propositis,

153 3267 200 3339 llic
215 3274 316 3339 nobis
333 3208 629 3341 commemoranda
644 3274 723 3338 suut
736 3270 843 3337 modo
860 3266 960 3337 haec.

221 3430 254 3495 1.
277 3422 366 3495 Cum
384 3420 564 3516 negatione
575 3419 792 3494 coniunctum
806 3442 876 3493 non
890 3416 959 3492 cito
975 3420 1114 3515 ponitur
1127 3442 1191 3515 pro
1288 3458 1291 3462 ·

150 3506 359 3603 lucrifacite
371 3511 413 3580 de
430 3535 488 3594 eo,
509 3516 566 3601 qui
581 3513 704 3603 aliquid
720 3513 763 3578 ob
782 3512 1020 3579 dubitationem
1035 3520 1194 3578 cunctari-1

149 3603 189 3665 ter
203 3608 341 3666 acturus
357 3609 425 3680 est,
447 3600 537 3667 etde
558 3622 618 3679 eo,
641 3599 732 3688 quod
754 3592 845 3678 lieri,
868 3603 925 3662 sut
947 3591 1099 3681 futurum
1122 3618 1192 3665 esso

149 3678 353 3766 dubitamus,
379 3679 573 3775 praesertim
599 3682 809 3755 informem
837 3701 906 3749 non
935 3683 1003 3750 cito
1031 3678 1192 3751 dixerim·

148 3763 207 3837 Nos
220 3766 365 3838 dicimus
383 3771 478 3837 niele
488 3772 624 3860 gleire,
647 3774 679 3838 et
692 3767 787 3837 nicht
808 3765 922 3836 leicht.

249 3885 311 3947 cte.
324 3890 406 3948 lirul.
419 3884 469 3959 tt,
482 3884 544 3947 rot
560 3904 644 3964 neque
659 3887 745 3948 outo
760 3885 890 3960 aptiorem
907 3883 959 3944 cite
972 3883 1056 3943 otium
1070 3883 1195 3956 ἅῖτετῖπι,

205 3988 291 4047 neque
309 3974 448 4031 mntmtiic
474 3974 639 4033 mortum
686 3976 721 4032 ln
743 3972 955 4047 eomputationis
984 3973 1105 4029 lormnle
1131 3971 1191 4029 (ile.

203 4054 384 4118 nnuman,
401 4062 661 4133 mosaeam
680 4063 733 4119 site
748 4055 1039 4119 immineam
1055 4074 1134 4130 amm
1158 4058 1192 4112 a

207 4142 308 4203 orest
320 4142 428 4217 dne,
445 4134 607 4205 meriste
700 4156 706 4181 ’-
809 4194 813 4199 .
1117 4176 1120 4181 -
