2618 4770
595 205 728 305 seco.

197 408 273 461 iilam
290 428 325 442 ···
343 400 380 453 ad
393 396 569 469 phrygionem
586 400 618 446 ut
633 394 756 460 deferas,
781 377 811 446 ut
826 381 1041 460 reconcinnetsi,
1065 401 1165 467 uem

198 467 281 562 opera
303 487 457 548 addantur,
498 497 564 550 puae
584 479 653 531 uolo.
684 495 733 531 ors.
766 478 863 531 Hercle
884 480 950 548 puin
968 483 1001 534 tu
1021 489 1089 534 reete
1109 485 1166 539 lide

200 576 305 629 Eadem
318 568 505 640 ignoralitur,
524 583 557 618 ne
572 581 639 616 uuor
655 571 797 632 cognoscat
811 570 838 617 te
849 565 965 630 iatum
985 566 1009 618 si
1023 567 1052 618 in
1065 568 1109 621 uia
1121 587 1168 622 eou-

200 657 322 732 epcccrr't.
353 671 401 706 aa.
430 653 508 720 Ergo
530 668 591 702 mor
615 652 724 715 auferto
742 656 844 714 tecum,
875 652 985 719 quando
1005 652 1100 705 alitis.
1124 654 1168 709 tie,

199 742 286 801 Acad.
300 740 326 809 2,
342 738 385 801 30,
401 735 444 790 so.
462 737 522 788 aide
538 751 619 803 ergo,
639 734 709 785 lianc
728 734 917 787 conclusionem
933 737 1124 804 probaturum
1136 740 1168 793 η’,

201 828 323 884 veisun
337 823 434 888 video,
454 838 504 873 cur
518 816 688 872 Goerenzius
703 817 856 870 orationem
869 819 946 873 dicat
957 820 993 874 sd
1008 815 1096 874 verlio
1105 824 1169 893 longo

201 910 346 983 superiora
366 922 521 961 recurrere.
564 899 736 972 Simpliciter
757 910 904 959 necemus
926 907 1000 961 hoec
1019 923 1084 959 cum
1097 908 1170 976 pmj.

103 1045 109 1057 .
203 999 272 1054 mis:
290 1011 361 1065 quse
376 1009 460 1061 quum
477 990 517 1044 its
531 988 600 1056 siat,
617 988 689 1040 vide.

237 1122 329 1175 Plaut.
345 1117 391 1170 Ps.
406 1114 432 1181 2,
447 1114 473 1180 2,
486 1111 529 1166 56.
557 1129 605 1166 ur.
634 1112 741 1165 Omnem
756 1128 811 1165 rem
824 1118 906 1168 tenes.
935 1130 976 1170 rs,
1011 1114 1168 1189 ρηωψ·

202 1203 327 1264 teneam?
352 1218 399 1255 ns.
425 1201 496 1252 Doto
512 1199 671 1267 ergodotum
686 1197 831 1265 symbolum
846 1199 896 1251 illi.

237 1309 329 1364 Plout.
347 1304 408 1359 Mil.
423 1303 450 1370 2,
466 1302 492 1359 1.
505 1299 565 1355 100.
582 1301 655 1354 intro
669 1301 715 1352 ali
729 1307 833 1370 ergoet
848 1301 872 1351 si
885 1298 932 1352 isti
946 1306 986 1354 est
1000 1302 1109 1367 mulier,
1125 1319 1168 1355 ean

203 1394 263 1447 iate
280 1392 331 1445 cita
345 1391 451 1442 domum
465 1384 589 1440 transire.
625 1383 683 1438 Cic.
698 1377 775 1439 Luel.
791 1384 833 1449 10,
849 1383 892 1437 33.
923 1403 962 1438 oc.
990 1388 1074 1439 Recte
1087 1378 1187 1455 tupri'

203 1480 271 1532 dem.
305 1474 508 1541 Quamobrem
524 1471 675 1523 audiamus.
702 1487 765 1523 usu.
791 1471 889 1523 Audite
911 1489 989 1542 ergo,
1014 1473 1108 1543 optimi
1123 1472 1166 1536 oiri,

202 1581 237 1617 ea
250 1578 317 1632 puae
333 1566 386 1612 ote.
409 1552 458 1609 ubi
471 1554 527 1607 vid.
541 1554 635 1607 Beier.
670 1556 735 1609 Est:
760 1573 815 1607 nun
830 1573 862 1608 so
873 1556 942 1609 lrdrt.

237 1663 345 1717 Vsitsto
359 1665 401 1713 est
415 1659 537 1713 formula
549 1675 660 1727 sequare
674 1677 747 1730 ergo.
775 1661 867 1713 Plsut.
888 1660 936 1715 As.
956 1657 984 1725 2,
1000 1658 1028 1724 4,
1047 1657 1091 1712 83.
1112 1655 1166 1711 lul
1189 1730 1192 1737 Ι

201 1750 228 1815 l,
245 1749 271 1814 2,
285 1745 330 1801 94.
354 1743 442 1797 Stich.
457 1742 484 1810 5,
495 1744 521 1810 2,
531 1743 575 1796 20.
592 1761 649 1794 nun
664 1762 693 1797 so
707 1747 803 1797 komm.

119 1864 126 1875 ’
237 1851 328 1903 Plaut.
339 1847 420 1900 Cure.
430 1846 456 1911 l,
471 1845 498 1911 2,
513 1845 557 1898 24.
583 1864 608 1925 p.
638 1847 724 1912 Quom
738 1849 818 1918 longe
833 1865 850 1899 a
863 1862 904 1898 me
916 1846 1013 1899 otest?
1038 1863 1064 1898 r.
1088 1847 1167 1908 mnes
1189 1868 1192 1873 ·

99 1956 101 1961 ·
203 1937 250 1988 lroc
265 1935 333 1987 uide.
344 1948 386 1985 .1,.
407 1932 585 1984 Grandiarcm
598 1932 717 2002 gradum
732 1950 797 2001 crgo
806 1935 857 1998 saa
872 1932 909 1985 ad
923 1948 979 1997 mc,
998 1931 1109 1985 obsecro.
1122 1928 1165 1983 ie

195 2038 259 2082 ,uun
273 2037 302 2072 sa
315 2018 393 2070 macie
407 2018 484 2069 einen
496 2019 606 2087 gresten
620 2016 721 2069 Solorilt
735 2035 770 2067 zu
784 2017 844 2069 mir.
925 2040 928 2045 ¹

239 2123 319 2174 Gora.
334 2120 360 2185 1,
374 2118 401 2184 3,
413 2117 456 2172 26.
478 2127 536 2172 tene
551 2137 608 2185 noc,
628 2121 784 2190 amplectere
798 2137 872 2189 crgo.
905 2116 985 2171 Dixit
1000 2122 1084 2171 anteo
1095 2116 1166 2169 Phoe

104 2200 118 2279 ‘4
143 2192 153 2209 ³
201 2209 328 2272 dromus,
362 2200 433 2258 riihil
457 2221 532 2269 osse,
567 2204 639 2272 quod
667 2203 757 2274 magis
781 2204 882 2274 cupiat.
924 2204 992 2257 Nun
1014 2222 1044 2257 sa
1070 2214 1167 2256 umam

200 2292 279 2345 micio.

240 2396 318 2447 esec.
336 2394 369 2445 Β.
386 2392 445 2445 (liv.
460 2389 486 2455 3,
504 2389 546 2444 19.
565 2392 675 2444 desinite
690 2411 754 2462 ergo
770 2396 802 2446 de
817 2394 1002 2462 compositione
1013 2393 1100 2462 loqui.-
1118 2402 1168 2442 nott

202 2481 293 2543 nolis,
322 2480 374 2530 nisi
391 2478 513 2529 Caesaris
535 2479 622 2544 capite
645 2480 744 2544 relato,
767 2498 822 2548 pas
843 2496 896 2530 esse
917 2479 994 2529 nulla
1008 2484 1101 2545 potest.
1123 2473 1169 2527 it.

203 2564 276 2617 Hert
296 2581 353 2614 nun
366 2566 419 2628 aus
432 2569 483 2612 etc.
522 2562 705 2613 conferuntur
726 2581 751 2630 p.
769 2561 828 2616 444.
848 2579 897 2627 ea,
915 2561 1063 2631 inquibus
1081 2573 1169 2622 count,

203 2648 286 2716 quom
301 2645 389 2698 verbu
407 2645 502 2713 priora
523 2653 662 2714 spectent,
688 2648 869 2716 postponitur.

236 2751 328 2802 Ploot.
343 2750 404 2801 (las.
420 2747 487 2812 4,2,
504 2749 546 2800 12.
573 2767 614 2801 se.
641 2752 704 2819 quid
723 2751 935 2821 dicspecularc?
955 2769 999 2805 rs.
1020 2749 1099 2804 Niiori
1113 2745 1172 2817 epti·

201 2836 260 2888 deno
275 2836 401 2904 speculor.
430 2852 471 2886 sc.
498 2835 558 2886 Ali.
580 2837 620 2886 Tu
631 2837 673 2887 iric
688 2838 817 2890 cunctas?
833 2840 906 2890 intus
922 2839 972 2890 aiii
979 2838 1122 2903 festinant.
1137 2848 1171 2885 rr.

202 2922 253 2973 Eo.
280 2937 320 2972 ετ.
349 2921 478 2972 Abitina
492 2921 622 2989 sisergo‚
638 2938 823 2990 pessumarum
834 2940 967 2993 pessuma.
987 2920 1007 2974 i.
1022 2939 1047 2973 e.
1071 2913 1173 2972 oessmt'

202 3004 302 3057 iterum
318 3003 415 3077 instat:
440 3023 468 3056 so
490 3006 544 3075 gelo
566 3007 640 3057 doclo.
676 3007 737 3059 Aul.
755 3007 821 3072 3‚3,
839 3006 881 3059 14.
899 3015 959 3059 tace
975 3023 1049 3075 crgo.
1072 3005 1093 3058 i.
1108 3022 1131 3058 o.
1151 3018 1174 3055 te

95 3103 98 3111 ·
201 3090 330 3158 schweige
344 3090 419 3141 doclt.
437 3099 498 3157 post
514 3090 772 3158 interpellationem.
797 3091 877 3161 Epid.
892 3091 919 3157 2,
935 3091 961 3156 2,
972 3090 1016 3144 51.
1037 3100 1098 3144 lucc
1112 3102 1173 3160 erge,

201 3180 231 3224 ut
247 3176 351 3226 audias.
381 3175 453 3227 Meu.
467 3174 535 3241 tut,
551 3175 593 3227 21.
620 3179 718 3230 mittite
734 3196 807 3248 crgo.
833 3177 853 3230 i.
869 3194 892 3229 e.
918 3194 946 3228 so
968 3178 1033 3243 lasst
1053 3173 1120 3229 docio
1136 3175 1173 3226 tu

201 3256 279 3309 Pers.
294 3258 320 3322 2,
335 3258 360 3322 2,
377 3256 419 3310 57.
441 3261 483 3312 die
499 3278 579 3331 crgo,
598 3262 735 3331 quidest?
751 3263 770 3315 i.
788 3280 812 3315 e.
834 3281 863 3315 so
877 3279 929 3331 sag
943 3261 1017 3314 min's
1033 3263 1108 3314 doale.

236 3358 328 3411 Plout.
340 3359 445 3425 Rodii,
458 3361 484 3427 2,
496 3362 539 3416 14.
557 3365 624 3432 puin
637 3373 667 3418 tu
683 3383 748 3435 ergo
763 3367 853 3419 omitte
865 3383 965 3436 genua.
979 3363 1000 3417 i.
1008 3361 1033 3415 e.
1056 3367 1082 3417 ei
1091 3383 1119 3418 oo
1132 3363 1176 3431 last

202 3440 269 3493 docio
284 3444 333 3495 das
349 3444 452 3498 Knieeu
467 3465 533 3517 weg.
559 3449 646 3502 Mero.
666 3449 735 3516 ue,
753 3451 813 3504 114.
839 3453 904 3522 puin
926 3459 956 3503 tu
977 3467 1045 3520 crgo
1067 3452 1080 3503 i
1100 3451 1173 3505 modo.

202 3523 221 3577 i.
238 3542 262 3578 o.
281 3527 306 3579 ci
318 3544 348 3579 sa
359 3529 414 3597 gele
432 3532 499 3584 docio
511 3551 571 3585 nur.

215 3632 247 3692 2.
272 3627 310 3692 In
328 3629 499 3717 colloquio
516 3632 632 3719 siquis
650 3632 827 3719 quaesivit,
849 3635 948 3717 ulter,
968 3637 1026 3723 qui
1041 3657 1172 3725 respon-

133 3707 208 3791 det,
246 3724 283 3809 ot
306 3715 468 3780 voluntati
494 3722 680 3804 quaerentis
704 3721 898 3803 satisfaciat,
935 3723 1169 3810 expositionem

133 3815 227 3860 suom
242 3802 358 3887 incipit
373 3803 481 3866 verbis
497 3803 654 3868 auserelta
669 3827 773 3890 erga.-
801 3830 873 3871 noa
887 3831 924 3872 so
939 3809 1032 3873 icore.

236 3916 327 3971 Plaut.
341 3921 417 3974 Pers.
428 3920 453 3986 4,
462 3921 487 3986 6,
495 3923 537 3976 18.
557 3924 603 3976 sed
615 3924 682 3975 scire
695 3925 812 3989 uelimus,
829 3928 899 3993 quod
911 3930 961 3981 tili
971 3904 1068 3981 'nomen
1080 3929 1129 3980 siet.
1138 3951 1163 3964 ··

202 4017 243 4052 es.
271 4005 399 4058 Ausculta
414 4025 495 4076 ergo,
513 4016 543 4060 ut
558 4008 635 4060 scias.
670 4009 731 4060 Cas.
748 4009 774 4074 2,
791 4010 817 4075 4,
834 4011 860 4063 8.
879 4015 948 4082 quod
962 4015 1027 4065 uelis
1041 4014 1123 4074 modo,
1138 4007 1161 4060 lt

149 4174 152 4179 ¹
197 4086 276 4138 uelim
291 4103 332 4140 me
347 4091 421 4143 scire.
447 4109 487 4144 sc.
514 4095 644 4148 Aresculta
658 4111 742 4164 ergo,
760 4097 866 4172 loquar..
897 4097 956 4151 Atii
968 4099 1121 4166 ogclopoor.
1203 4092 1205 4099 ’
