2618 4770
70 322 76 327 ,
137 249 201 313 rao
362 291 374 310 .
409 209 412 214 ’
447 243 651 330 cauneis.
692 240 868 310 uruvu.

502 402 811 519 numanis.

220 600 348 668 Nouius
382 598 485 663 Marc.
516 605 554 681 2,
583 603 659 662 229.
703 597 880 687 demagis,
920 596 1020 665 valde
1051 620 1118 687 mo²

137 690 280 755 Lucilius
300 688 357 752 lib.
377 685 465 749 XVI.
491 682 562 748 Rex
582 683 688 749 Carus
703 685 861 750 illectum
876 685 936 749 laos
960 696 1118 764 ventam..

53 801 56 806 ’
137 789 246 839 strum
266 785 366 860 atque
385 770 586 870 aquilonem,
601 771 780 836 nouissime
797 770 930 847 alebat,
952 771 1040 834 solor
1057 769 1118 834 den

165 863 194 923 is
218 863 299 924 istos
324 881 363 922 ex
385 854 497 919 nimbo
522 856 681 920 aristellos
702 879 764 922 nec
789 880 851 920 noo
882 879 1013 920 senecas
1039 870 1118 942 puta

135 886 225 1012 ilaec
250 936 406 1030 corrupta
427 941 524 1005 verba
546 943 590 1005 ita
620 943 822 1006 emendanda
848 953 941 1005 sunt:
975 941 1047 1006 Rex
1074 941 1118 1006 Co

138 1033 197 1096 ille
221 1030 305 1094 atuor
332 1039 463 1104 uentos,
497 1039 652 1092 arcstrum
682 1040 782 1115 atque
814 1028 1011 1114 aquilonem
1036 1025 1118 1093 Noai

138 1115 304 1183 aiebatur
318 1113 408 1185 colos
427 1111 603 1198 demagis:
630 1113 712 1176 istos
726 1113 784 1177 Ex
799 1111 911 1178 nimbo
934 1113 1096 1178 austellos

137 1226 257 1281 nosse,
279 1224 341 1266 nec
362 1222 432 1264 esre
449 1209 588 1282 putare.
632 1197 763 1262 Festus:
796 1198 955 1286 demagis
973 1222 1041 1284 pro
1065 1200 1118 1264 mi·

137 1288 272 1375 antiqui
302 1283 471 1365 dicebant.
528 1283 685 1346 Ducerius
710 1285 935 1371 suspicabatur
964 1286 1118 1351 scribeud

42 1456 49 1473 ⁹
127 1366 207 1439 esse
224 1373 339 1439 nemis.
383 1370 491 1435 Gloss.
507 1368 697 1435 Philoxeuir
722 1370 892 1459 donobrio,
908 1373 1056 1456 σφοδρῶς.

520 1590 783 1681 DEMVM.

214 1763 318 1851 Origo
347 1761 499 1828 vocabuli
528 1780 654 1828 uuuvu
682 1761 775 1827 valde
813 1762 952 1827 obscura
981 1773 1039 1827 est.
1097 1763 1118 1827 Β

133 1859 263 1939 potest,
292 1848 382 1933 quod
412 1849 547 1913 Vossius
577 1859 609 1912 et
645 1842 872 1913 ffic‘ellifflrs‘
884 1844 1118 1936 opilaabautur,

72 1987 84 2007 ,
135 1956 253 2023 graeco
276 1939 369 2016 τῆμος
390 1933 516 2000 deduci.
559 1935 646 1998 Haec
672 1935 761 1998 euim
786 1934 1042 1998 demonstrativa
1063 1935 1118 2000 for

134 2024 184 2084 est
206 2017 295 2083 verbi
317 2013 400 2103 ἦμός,
441 2021 557 2105 Neque
583 2042 601 2083 a
626 2018 723 2091 demo
747 2021 846 2083 uerbo
872 2019 1057 2104 descendit,
1082 2043 1118 2106 qr

133 2105 167 2170 id
183 2103 358 2203 significet,
378 2096 468 2191 qu'od
485 2105 602 2169 demtis
625 2104 792 2190 prioribus
815 2116 987 2192 postremo
1011 2128 1049 2168 su
1077 2129 1118 2169 ert

133 2193 264 2255 Certior
288 2191 416 2256 videtur
440 2214 507 2256 esse
531 2192 681 2278 cognatio
709 2192 814 2278 graeci
839 2185 900 2275 ‘lla
930 2190 1021 2276 quod
1048 2129 1116 2257 liet

133 2284 183 2342 est
214 2275 309 2357 dem,
346 2275 428 2340 sicut
457 2296 499 2341 ex
530 2277 601 2361 blara
635 2274 760 2342 decem.
802 2275 854 2339 Cf.
877 2294 1044 2341 munuum
1084 2278 1118 2342 N

131 2362 258 2450 syllaba
294 2384 351 2425 um
381 2362 505 2426 adiecta
536 2360 730 2435 formationi
760 2361 912 2438 inservit,
950 2373 988 2424 ut
1021 2365 1055 2426 iu
1090 2375 1118 2427 tr

130 2470 212 2511 num
222 2495 232 2524 ,
256 2456 288 2510 et
308 2450 343 2517 'm
365 2458 532 2526 acuatum,
557 2445 731 2527 donicum,
751 2446 879 2509 redum.
928 2448 1063 2512 Veteres
1079 2450 1118 2514 dt

129 2543 209 2596 runt
225 2532 363 2596 demus:
385 2533 474 2619 quod
491 2530 578 2618 apud
597 2532 726 2596 Livium
746 2532 969 2595 Andronicum
990 2534 1118 2599 obsera

80 2682 86 2695 ,
130 2617 259 2682 Festus:
284 2618 379 2680 sicuti
397 2639 512 2682 rursus
531 2628 563 2679 et
582 2638 716 2682 narsum
740 2616 916 2681 dicebatur.
960 2621 1068 2705 Atque
1091 2620 1116 2685 h

89 2728 92 2733 ·
130 2702 573 2791 conveniuntsignilicationi
597 2703 801 2788 primitivae,
825 2725 909 2789 quae
932 2726 1002 2766 non
1024 2706 1065 2768 ad
1082 2717 1116 2771 te

130 2812 193 2875 pus
210 2786 313 2871 modo
330 2790 489 2874 pertinet,
510 2808 616 2874 neque
631 2810 704 2853 rem
727 2811 796 2851 non
818 2791 910 2876 prius
937 2789 1059 2853 factam
1084 2793 1118 2856 dr

130 2886 216 2962 gunt,
236 2872 293 2939 sed
309 2873 545 2957 distinctionem
563 2874 822 2962 designationem
840 2885 871 2938 et
886 2873 1117 2942 confirmation

131 2960 273 3023 exhibet.
323 2961 382 3024 Est
402 2964 491 3039 euim
513 2969 668 3025 nostrum
693 2959 785 3025 ebert.
837 2962 1008 3024 Onomast.
1032 2983 1118 3048 grae«

129 3045 185 3108 lat.
206 3044 341 3108 denarum
356 3043 411 3126 δὴ,
433 3043 466 3108 ab
493 3047 586 3120 τέλος.
627 3048 713 3110 Haec
739 3069 818 3109 vero
845 3047 1022 3131 designatio
1047 3048 1116 3135 dup

131 3153 200 3194 csse
223 3142 350 3215 potest:
376 3155 453 3193 uam
479 3141 534 3193 aut
556 3131 761 3216 opponendo
785 3130 947 3195 distinctio
974 3131 1117 3197 declarat

130 3226 185 3278 aut
201 3217 430 3300 restringendo
445 3227 590 3302 potestas
608 3218 655 3281 rei
672 3217 895 3279 confirmatur.
937 3213 1020 3294 Illud
1043 3218 1083 3280 ab
1111 3245 1118 3282 a

129 3301 223 3395 liquo
243 3309 394 3387 tempore
415 3302 652 3388 usurpabatur:
677 3302 743 3366 hoc
763 3313 872 3366 autern
895 3303 1062 3366 recentior
1084 3304 1118 3368 a'e

126 3385 262 3450 invenit.
363 3382 373 3405 ¹
487 3385 489 3391 '

228 3502 316 3558 Nimia
338 3504 455 3556 absurde
476 3498 685 3576 ille‘rlpulcium
715 3507 790 3560 cuius
813 3506 914 3557 librum
935 3506 968 3556 do
983 3506 1118 3572 Diphthor

196 3588 280 3641 edidit
296 3588 436 3655 Osarene,
453 3592 523 3644 haec
539 3612 564 3660 p.
582 3593 641 3646 144.
663 3596 766 3645 demum
789 3590 868 3642 ctiam
890 3593 1007 3658 plerique
1025 3593 1118 3659 utputa

193 3681 278 3742 gant:
298 3674 342 3723 sed
357 3693 434 3742 quum
451 3679 552 3730 denium
568 3680 643 3746 quusi
657 3678 783 3730 decimum
800 3676 896 3727 dictum
912 3694 964 3726 esse
974 3679 1100 3741 seratur,

192 3759 262 3809 nime
282 3751 532 3829 diplrtliongondum
554 3764 673 3815 uidetur:
700 3781 717 3814 a
742 3764 826 3813 decern
852 3762 910 3812 idco
933 3761 1031 3811 dicitur
1055 3762 1118 3813 dena

192 3843 263 3910 quod
285 3843 422 3911 significat
440 3847 476 3896 ad
488 3851 589 3912 finem,
609 3848 773 3914 quantumin
800 3847 885 3896 decom
900 3846 1032 3896 naturalis
1051 3853 1089 3898 cst
1098 3850 1118 3912 ji

192 3927 303 3978 nunacri.
339 3927 391 3977 tui
407 3946 488 3994 quam
504 3929 626 3981 Osannus
641 3929 844 3997 comprobavit,
859 3928 947 3980 Vussii
962 3929 1118 3983 sententiar

192 4017 331 4079 potestne
347 4012 478 4077 stabiliri,
498 4013 601 4079 quoda
617 4015 705 4082 τῆμος
721 4014 787 4066 olim
799 4013 901 4065 tlicttun
922 4020 1004 4064 tamus
1018 4024 1115 4081 postea

145 4117 148 4122 *
192 4097 309 4150 mudum
318 4094 458 4152 nominum
482 4098 627 4171 Gmsautru
648 4105 677 4154 et
690 4101 834 4155 Alcaaater
848 4096 877 4151 in
900 4098 989 4152 demus
1011 4105 1040 4153 ot
1061 4101 1118 4154 &aa
