2618 4770
206 259 270 323 ,696
571 244 697 320 FERE.
738 242 898 312 FERME.

251 434 254 439 ·
310 407 373 463 Ην.
387 403 473 471 22
489 401 517 457 8.
538 402 666 473 pervicit,
687 405 734 465 et,
759 400 995 469 cretensem·
1009 399 1180 468 deffinitur,
1206 402 1255 456 nisi

279 509 358 564 prum
379 497 450 544 tetre
463 486 594 559 prodigia
612 484 743 539 mantiam
764 491 843 551 mat,
867 483 1006 537 decemviri
1028 484 1111 536 libror
1125 484 1257 553 rityltimr

282 576 360 630 edire
380 573 540 626 utamur.
575 568 633 624 cic.
652 569 735 625 Ture.
750 569 776 634 1,
791 568 834 634 1⁷,
848 567 892 622 38.
914 568 1045 621 reticueris
1059 568 1104 620 rue
1117 571 1258 624 sententiar

282 676 348 714 enee
361 674 415 710 aar
424 658 487 722 fere
498 654 653 719 reddebant,
669 654 723 707 aiei
734 654 798 725 quiri
810 653 1000 707 antaeum·
1015 658 1064 707 aet
1077 653 1258 725 temptione

282 742 330 796 ier
343 738 533 809 replicantium.

298 849 330 915 7.
360 843 437 909 Non
460 838 525 905 alio
555 838 659 903 modo
684 840 929 926 coniunguntur
948 839 1101 922 negativa
1128 842 1259 908 nomina

215 947 331 1006 nemo,
362 926 492 998 niellus,
522 924 627 1003 nileil,
649 926 706 990 ubi
737 946 800 989 nos
824 923 962 988 dicimus
985 921 1067 989 eben
1086 925 1259 1003 niemnad,

215 1012 326 1078 niclrte
348 1010 441 1078 eben.
485 1008 696 1075 Gernhardus
719 1010 760 1075 ad
786 1009 856 1074 Cic.
879 1007 968 1072 Lael.
990 1014 1019 1087 1,
1035 1011 1068 1074 5.
1099 1010 1259 1095 observat,

215 1097 410 1185 particulam
432 1095 598 1182 negativae
614 1097 689 1160 voci
702 1093 884 1182 postponi,
906 1114 975 1157 non
993 1096 1174 1182 praeponi.

319 1216 411 1271 Plent.
430 1216 513 1269 True.
529 1214 557 1282 2,
576 1215 602 1281 1,
617 1213 661 1269 38.
687 1222 828 1285 prepterea
849 1213 911 1266 truie
928 1213 990 1265 erte·
1001 1230 1098 1266 acmen
1112 1215 1260 1284 Epidauro

283 1300 400 1355 inditum
414 1308 468 1365 ert,
485 1300 549 1369 puin
561 1301 732 1366 nemoserme
753 1299 804 1352 itae
823 1298 881 1350 siae
901 1298 998 1350 domm
1022 1299 1179 1354 divertitur.
1210 1299 1259 1354 cia

284 1384 365 1438 Brut.
377 1381 488 1447 taltl.
510 1385 579 1452 queri
595 1385 654 1437 idco
668 1383 760 1453 posui,
775 1389 847 1436 ut-
861 1382 1056 1451 intelligeretur
1071 1383 1129 1436 inm
1144 1386 1184 1438 nd
1198 1402 1261 1439 urt-

284 1485 357 1521 mere
376 1484 443 1537 perae
464 1484 518 1521 cere
537 1468 710 1536 medemnos,
736 1473 767 1519 nt
787 1482 818 1518 ec
832 1464 998 1531 ritilsermc
1013 1466 1155 1535 quicquam
1171 1469 1261 1523 adim

282 1558 386 1623 peccet,
404 1552 457 1604 cisi
470 1552 516 1621 pei
528 1570 547 1604 e
557 1551 726 1621 philosophia
738 1577 773 1589 -
785 1549 884 1614 suimet
898 1550 1059 1604 instructior.

320 1654 399 1706 Geor.
418 1654 452 1706 B.
471 1652 539 1721 gell.
557 1650 584 1716 5,
600 1651 644 1706 tt.
665 1638 749 1720 aeque
769 1653 854 1704 ultum
868 1654 932 1720 sere
951 1652 1032 1707 totius
1048 1650 1145 1707 iriemie
1167 1659 1260 1724 tenpus

285 1736 341 1790 rice
354 1736 533 1790 sollicitudine
548 1736 670 1789 Caesarie
686 1736 838 1788 intercessit.

321 1834 604 1901 cic.usamtc.1,5.
623 1854 674 1906 pre
687 1843 747 1889 erat
763 1853 838 1889 acmo
847 1840 910 1904 fere
925 1837 1012 1891 uerior
1027 1837 1195 1906 temporibus
1206 1838 1259 1903 iltis,

287 1938 362 1974 nemo
373 1920 545 1990 prudentior.-
564 1920 613 1974 ubi
627 1937 710 1990 quum
728 1918 757 1971 in
772 1919 933 1989 quibusdam
948 1920 1027 1979 libris
1034 1923 1100 1987 sere
1115 1927 1182 1974 ente
1194 1940 1260 1975 aene

286 2004 406 2078 positum
420 2008 508 2069 esset,
525 2005 602 2058 nulla
616 2010 708 2058 temen
724 2021 820 2058 cauere
841 2013 917 2071 eret,
943 2011 975 2080 nt
992 2006 1168 2058 Goerennius
1183 2004 1261 2059 nbiici

286 2088 452 2160 perticulam
472 2087 589 2143 iuberet.
631 2088 689 2143 Cic.
707 2090 776 2158 Tap.
792 2088 836 2155 21,
850 2088 893 2142 to.
918 2089 1125 2158 intelligendum
1142 2097 1198 2156 ert,
1221 2106 1260 2142 ecc

288 2174 370 2226 ellum
394 2190 448 2261 eeeg
469 2174 687 2252 disputatorem,
713 2176 743 2227 ia
766 2192 845 2244 quam
866 2190 920 2226 aon
936 2173 1032 2240 aliquis
1047 2173 1121 2227 taen·
1136 2174 1259 2239 incurret

285 2275 333 2310 erec
349 2259 411 2323 fere
428 2274 514 2310 omnes
528 2259 595 2310 loeas
611 2259 725 2311 incidere
738 2259 766 2310 ie
780 2252 880 2310 emaem
897 2256 1081 2325 quaestionem.
1117 2256 1259 2310 Lambinus

288 2339 405 2394 coniecit
419 2358 466 2393 aec
480 2349 575 2394 temere
592 2348 620 2395 et
634 2360 680 2395 aec
701 2359 788 2395 omnes
808 2342 885 2394 locos.
921 2339 977 2392 Sed
999 2339 1117 2410 egregie
1139 2341 1260 2395 Scirum·

287 2426 359 2478 ttius
374 2424 404 2476 iu
420 2425 577 2477 Tursellino
596 2425 727 2492 explicuit
740 2424 902 2477 sententiam
916 2423 971 2476 ita:
991 2424 1097 2476 nullam
1113 2442 1175 2478 esse
1186 2442 1259 2493 quee-
1303 2416 1305 2427 '

287 2508 419 2573 ctionem,
438 2508 471 2560 ad
487 2526 568 2576 quam
578 2509 632 2561 loci
648 2509 787 2561 dialectici
796 2525 849 2560 nou
865 2513 965 2574 queant
980 2507 1127 2574 adhiberi,
1146 2511 1259 2576 plerum·

288 2610 341 2662 que
356 2599 447 2645 temen
464 2591 542 2656 fieri,
567 2599 597 2645 ut
610 2609 664 2644 uon
685 2610 779 2646 omues
801 2591 857 2644 leci
874 2593 909 2644 ad
923 2608 1016 2645 omnes
1033 2593 1209 2660 quaestiones
1221 2611 1260 2648 ec-

285 2676 454 2736 commoderi
469 2660 577 2744 queant.

301 2780 333 2840 8.
355 2777 392 2841 In
415 2777 465 2841 his
488 2778 659 2855 omnibus,
689 2787 726 2841 ut
745 2776 847 2841 modo
865 2777 952 2856 dixi,
974 2787 1105 2843 tantum
1123 2781 1215 2844 abest
1230 2790 1260 2844 ut

219 2862 332 2933 resin
368 2863 605 2933 dubitationem
640 2873 793 2941 vocetur,
829 2873 867 2926 ut
888 2863 1059 2926 adjiciatur
1087 2865 1259 2929 affirmatio

220 2946 381 3033 quaedam
398 2948 439 3010 de
455 2970 491 3011 re
507 2947 646 3011 firmiter
664 2956 844 3012 constante.
889 2949 999 3026 Quare
1019 2951 1260 3036 coniunguntur

219 3030 301 3098 adeo
328 3033 505 3118 particulae
532 3031 757 3097 affirmativae.
819 3030 883 3097 Sed
906 3035 1102 3120 interpretes
1128 3058 1146 3098 e
1171 3047 1259 3122 gente

221 3117 464 3181 Germanorum
492 3118 525 3180 in
549 3117 599 3181 his
625 3139 722 3203 saepe
747 3116 925 3201 falluntur,
957 3118 1037 3181 dum
1064 3121 1259 3201 vocabulum

211 3200 450 3288 scarponnam
481 3203 569 3288 quod
598 3205 765 3288 antiquam
788 3205 855 3268 vim
888 3203 1120 3270 affirmativam
1146 3208 1259 3286 amisit,

216 3295 250 3356 ct
267 3287 517 3372 propemodum
540 3287 698 3374 siguificat
721 3289 832 3352 hodie.

319 3406 410 3459 Pluut.
428 3405 506 3461 Tria.
523 3406 549 3471 3,
564 3407 589 3471 3,
605 3407 630 3459 3.
660 3426 772 3476 cumque
794 3409 878 3459 hercle
900 3409 1004 3461 honeste
1019 3409 1084 3475 fieri
1103 3411 1194 3474 ferme
1214 3425 1261 3461 aar

284 3496 385 3558 potest,
405 3497 434 3540 ut
451 3508 509 3543 enm
524 3492 658 3559 perpetiar
672 3494 710 3542 ire
725 3493 753 3543 ic
771 3492 975 3545 matrimonium.
1009 3491 1164 3544 vertimus:
1187 3494 1262 3545 alter·

286 3574 368 3642 diage
383 3575 457 3625 karra
472 3590 498 3625 ea
508 3577 569 3638 fast
585 3575 658 3627 nicht
672 3577 719 3628 mit
738 3577 784 3627 der
801 3575 875 3628 Eiue
896 3578 1031 3641 nestorea,
1054 3576 1082 3628 in
1099 3577 1199 3646 quibus
1209 3581 1264 3646 fest

289 3664 329 3716 est
344 3655 484 3723 antiquam
498 3665 586 3722 curte,
606 3659 634 3711 h.
651 3677 675 3712 c.
692 3659 819 3710 niratica.

264 3803 267 3809 .
323 3760 543 3820 Terentfleaut.
553 3761 577 3825 l,
586 3761 612 3825 1,
621 3760 646 3813 3.
667 3778 713 3812 aec
727 3760 766 3811 rei
775 3761 1026 3830 seresaaeemptine
1033 3761 1248 3830 quidquamsuit.

301 3866 333 3934 9.
364 3861 491 3942 Quibus
524 3861 709 3948 praemissis
748 3859 844 3926 facile
875 3861 1094 3925 demonstrari
1121 3866 1266 3950 poterit,

220 3947 391 4028 quomodo
410 3947 445 4020 id
465 3946 682 4024 vocabulum,
714 3947 804 4031 quod
828 3945 927 4011 valde
946 3957 978 4011 et
989 3943 1147 4032 firmiter
1166 3950 1268 4034 signi·

217 4029 309 4111 licat,
331 4034 433 4106 etiam
457 4033 642 4128 exprimere
656 4032 767 4103 multis
791 4031 925 4126 quidem
951 4033 1096 4100 videatur
1119 4033 1268 4116 circiter,
