2618 4770
131 228 177 303 50
468 217 638 301 OESSIM.
682 216 856 299 COSSIM.
929 286 932 290 .

114 419 116 423 ·
133 398 267 447 cassum
282 373 418 456 umero)
425 371 703 459 praeter'album
719 396 842 441 sanem
859 387 1053 465 ,cogitarem
1075 400 1189 445 aeaco·

134 464 271 534 Alienus
292 463 328 527 in
351 459 477 559 Digest.
502 464 541 541 9,
566 464 607 541 2,
631 462 691 542 52,
710 464 743 527 2.
771 454 912 527 interim
932 461 1086 548 superius
1106 464 1150 551 pl
1170 497 1191 515 ·-

133 565 245 618 strum
259 546 380 612 cessim
397 567 449 609 zre
462 544 585 633 coepit.
606 554 639 609 et
652 545 766 635 paullo
781 555 878 635 post:
903 546 992 611 51-
1009 547 1088 613 ideo'
1104 548 1191 637 plo-

133 650 244 703 strum
265 632 387 699 cessim
404 629 560 696 redisset.
601 630 714 696 lustin.
738 633 778 711 2,
796 636 856 715 12,
873 634 905 696 7.
931 653 987 697 uos
1010 636 1191 701 conunisso

161 721 265 787 roelio
283 719 331 783 ite
346 716 467 782 cessim
476 765 487 797 ,
505 712 653 782 ialribete
667 714 792 797 remis,
815 715 989 783 stabello
1012 719 1191 789 discedite.

130 748 203 875 led
220 802 318 871 codd.
336 813 464 869 veteres
479 799 534 867 5111
555 800 603 867 ite
618 822 763 879 cessum,
789 800 836 867 ite
859 796 1034 882 cesser'im,
1061 804 1110 872 ite
1131 830 1190 874 ce·

135 896 212 961 sim.
254 888 384 979 Apulei.
401 888 482 953 Met.
499 891 531 952 2.
554 910 589 975 p.
608 890 689 971 121,
707 890 738 953 8.
760 890 809 976 (p.
829 890 915 975 125.)
933 890 969 955 la
997 911 1064 957 erra
1088 891 1189 959 iuxta

135 976 269 1069 orificio
301 971 422 1040 cessim
455 970 647 1039 dehiscente
678 981 860 1062 patescens
896 914 1016 1063 facil&
1045 978 1190 1044 ltauritu

127 1086 272 1155 prorsus
292 1058 534 1150 gladiatoriae
566 1056 714 1125 Veneris
734 1058 957 1128 antecoenia.
1005 1059 1189 1131 Librorum

134 1154 356 1241 scriptorum,
375 1156 413 1210 ut
427 1146 576 1231 ridetur,
595 1144 706 1211 nullus
724 1145 857 1235 praebet
880 1147 1112 1236 incorruptum
1129 1173 1188 1217 vo-

136 1237 309 1317 cobulum,
337 1230 394 1297 sed
416 1228 520 1312 cessi,
548 1229 657 1295 sessui
664 1279 674 1314 ,
703 1230 850 1315 caesim,
873 1231 996 1299 resim:
1016 1232 1106 1301 un‘de
1126 1236 1187 1302 Al-

137 1326 196 1391 dus
220 1322 302 1387 fecit
324 1315 468 1398 sensim,
503 1312 624 1402 reliqui
651 1317 818 1404 explicant
842 1316 980 1399 cessim,
1013 1328 1109 1386 reiro
1134 1320 1188 1388 vel

130 1405 328 1501 gradatim.
378 1404 533 1489 Vegetius
556 1404 627 1466 Art.
652 1413 717 1469 vet.
740 1403 778 1484 5,
801 1408 863 1486 22,
887 1407 940 1491 (3,
963 1405 1033 1490 21,)
1064 1412 1094 1472 1.
1122 1405 1186 1489 secl

134 1490 287 1585 quamvis
313 1487 471 1554 alieaota
493 1489 615 1552 horum
638 1488 690 1554 vel
711 1498 825 1554 emoto
848 1512 934 1555 coxa
956 1488 1130 1575 videatur,
1151 1492 1185 1559 si

133 1602 235 1667 super
250 1576 363 1663 ipsam
370 1572 498 1660 pedem
514 1574 634 1639 cessim
648 1574 879 1661 repellantur,
901 1578 1059 1643 continue
1072 1598 1185 1645 emere·

134 1662 276 1731 dabitur
288 1678 439 1749 gressus.
480 1654 532 1725 lbi
549 1656 678 1726 codices
692 1660 937 1749 temperaueris
951 1662 1058 1752 pedes
1079 1661 1199 1745 sessis

134 1746 394 1838 compellantur.
416 1833 418 1837 Ι

223 1894 231 1907 ι
1118 1878 1128 1913 Ι

130 1994 137 2001 ,
217 1916 256 1985 In
278 1914 470 1984 universum
490 1914 555 1983 hoc
580 1926 630 1983 est
652 1912 853 2001 lenendom,
884 1936 1032 2001 cessum,
1052 1917 1184 2002 sessim,

133 2028 277 2086 cossam,
298 2003 421 2070 cossim
435 2005 532 2070 unius
547 2003 639 2070 verbi
656 2004 800 2071 diversos
819 2027 888 2070 esse
905 2003 1043 2085 formos,
1089 2026 1186 2072 uem-

133 2090 316 2158 admodum
332 2089 458 2177 antiqui
478 2090 633 2155 dixerunt
647 2101 801 2173 tonores,
823 2088 1006 2179 amplecti,
1027 2101 1059 2155 et
1066 2030 1184 2175 liema,

134 2175 237 2244 lenus
252 2198 317 2265 pro
335 2176 455 2259 lzarno,
478 2173 594 2241 baares.
637 2175 684 2242 Ea
700 2200 778 2244 vero
794 2198 813 2243 o
828 2198 920 2258 ceso,
943 2175 1035 2263 quod
1055 2174 1184 2243 foetum

132 2260 184 2329 es't
199 2287 218 2330 5
231 2261 333 2340 cedo,
350 2272 441 2327 recte
456 2261 673 2328 deducuntur.
716 2264 823 2351 Atque
841 2284 884 2328 ex
906 2282 981 2327 ceso
1002 2258 1183 2329 factasunt

133 2372 226 2414 cesso
251 2358 283 2413 et
303 2370 416 2413 cosso:
437 2347 525 2412 unde
547 2371 678 2413 cassum
703 2357 736 2415 et
756 2347 898 2429 cossim,
919 2348 1010 2414 cuius
1023 2344 1182 2415 formatio

132 2430 289 2500 eoncenit
320 2454 396 2499 oum
414 2433 533 2497 *multis
561 2434 653 2516 eliis,
684 2434 785 2501 veluti
806 2434 956 2521 raptim,
983 2431 1183 2517 restrictim,
1223 2488 1226 2495 .

128 2516 275 2593 iuxtim,
301 2539 366 2608 pro
389 2531 547 2605 ruptum,
566 2520 779 2604 restrictam,
802 2520 970 2585 iuxtami,
990 2521 1077 2607 Haec
1102 2542 1180 2585 vero

127 2605 292 2687 ,vocabula
306 2627 377 2670 non
397 2603 424 2669 si
448 2603 583 2670 nificont
603 2614 737 2672 motum
759 2603 993 2695 retrogradum
1014 2612 1070 2671 out
1088 2614 1181 2672 retro

130 2711 280 2770 uersum,
311 2690 370 2756 sed
393 2689 437 2759 ob
454 2691 619 2778 'quotum,
649 2693 718 2758 sive
740 2693 776 2758 id
801 2691 892 2781 quod
914 2690 953 2757 fit
974 2688 1122 2758 cedendo
1144 2691 1189 2759 15.

130 2774 215 2842 lotus
232 2786 288 2841 aut
304 2784 505 2857 retrorsum,
526 2777 616 2864 quod
632 2799 696 2843 nos
712 2777 851 2845 dicimus
867 2774 1016 2866 beugen,
1039 2773 1183 2845 ausbeu·

128 2884 219 2951 gea.-
239 2860 328 2929 unde
344 2859 465 2928 dicitur
479 2884 582 2941 coxa,
605 2884 706 2950 quem
721 2864 835 2930 eedem
853 2866 980 2931 ratione
995 2884 1058 2929 nos
1081 2886 1182 2931 voce·

130 2969 207 3013 mus
235 2946 304 3014 dea
326 2944 419 3037 Bug.
473 2948 558 3013 Hine
588 2970 718 3015 cessum
753 2958 937 3032 reuertere,
966 2946 1087 3015 cessim
1116 2949 1179 3017 ire.

131 3032 218 3097 Illud
249 3035 428 3099 commode
450 3046 591 3123 usurpat
618 3036 752 3123 Vlysses
777 3037 812 3101 in
836 3036 900 3101 islo
926 3059 1079 3101 sermone
1101 3056 1181 3124 per·

132 3139 233 3269 guam
260 3117 396 3184 feelivoz
424 3116 491 3183 hoc
516 3128 605 3186 recte
634 3121 771 3208 ponitur
799 3120 842 3187 de
870 3118 1038 3209 plaustro,
1077 3123 1179 3210 quod,

155 3224 213 3269 um
230 3214 322 3268 retro
340 3202 436 3283 cedit,
458 3204 498 3270 de
514 3208 565 3271 vis
582 3207 735 3273 deflectit.
778 3204 822 3273 Et
836 3206 976 3273 Iustinus
992 3207 1112 3273 dixisse
1131 3209 1181 3275 vi·

131 3288 227 3355 detur
252 3288 292 3354 de
312 3290 472 3356 militibus
495 3284 659 3381 fugitivis,
682 3292 732 3358 uli
755 3314 819 3359 nos
838 3290 1047 3380 ‘ausdeugem
1088 3290 1180 3360 Tum
1209 3374 1211 3378 Ι

130 3375 231 3440 etism
245 3397 325 3439 usur
350 3387 424 3441 etur
440 3375 480 3441 de
499 3400 615 3464 gressu
628 3377 800 3445 vacillante
816 3378 866 3442 vel
883 3377 1025 3443 labendo
1042 3379 1179 3446 cedente

128 3469 219 3527 retro
247 3482 311 3547 opu
352 3460 505 3527 Mariisn.
522 3462 646 3551 Capell.
671 3465 711 3529 de
732 3464 835 3552 Nupt.
859 3462 979 3550 philol.
996 3469 1028 3530 7.
1049 3487 1084 3552 p.
1101 3471 1178 3531 271.

126 3545 318 3617 adiuuant.
334 3556 414 3611 tuae
429 3542 572 3612 motilras
589 3546 733 3639 negatis
743 3546 1037 3638 magisiucolatus
1047 3551 1178 3627 adstat,

128 3652 311 3721 cessimque
319 3629 557 3720 jormidaates
573 3634 699 3702 adeunt
713 3635 823 3723 pedes
845 3642 1002 3703 tremore.
1047 3639 1179 3713 Paullus

127 3717 164 3785 iu
179 3720 253 3806 Dig.
268 3722 327 3797 21,
347 3725 384 3799 1,
400 3720 453 3785 43.
476 3716 600 3798 bouem,
669 3720 684 3787 i
697 3745 803 3787 cornu
811 3721 914 3808 petil,
935 3725 1089 3789 uitiosum
1106 3746 1179 3791 esse

121 3804 218 3956 plor'
236 3828 277 3871 ue
304 3803 439 3870 dicuat.-
461 3806 545 3873 item
560 3812 616 3873 mu
633 3832 673 3873 as
682 3856 693 3890 ,
718 3830 804 3895 quae
820 3831 950 3874 cessum
964 3810 1062 3875 duat.
1104 3811 1178 3876 Ho-

142 3913 205 3955 oon
230 3913 265 3956 er
280 3889 387 3956 dedit:
410 3913 498 3980 quae
517 3894 637 3959 cessim
658 3904 749 3960 eunt.
792 3896 888 3980 Apud
910 3895 1086 3982 Apuleium
1108 3893 1177 3963 ].1.

129 3976 294 4041 orificium
317 3976 450 4064 lagenae
475 3980 753 4051 voceturcessim
776 3978 969 4062 dehiscens,
993 3982 1084 4069 quod
1104 4004 1176 4048 non

126 4060 369 4161 rectum'sxit,
403 4062 463 4134 sed
493 4070 663 4137 curatum
688 4067 756 4137 sive
782 4068 958 4157 obliquum
986 4068 1089 4137 habet
1118 4090 1176 4137 oss
