2618 4770
215 283 279 344 ose
384 230 387 235 ¹
466 274 627 342 nx'rus.
675 274 995 346 nxrurnsucvs

213 454 282 498 non
298 453 362 518 pro
378 428 531 495 adverbio
555 429 688 493 haberit
712 430 745 493 id
764 430 854 516 quod
876 431 1063 497 Sclsmitlins
1080 439 1214 523 negavit
1230 449 1261 501 et

215 520 300 605 apud
320 519 387 581 Cic.
406 516 446 579 de
462 514 531 577 Fin.
548 520 579 591 2,
602 521 654 592 21,
669 518 720 579 68.
750 517 784 580 iu
810 518 917 580 verbis
940 530 972 581 et
995 519 1033 582 in
1058 542 1204 607 corpore
1229 535 1262 586 et

217 617 315 669 extra
339 622 408 666 esse
429 599 600 685 praedam
621 598 729 674 hona,
761 601 900 665 alterum
925 616 1020 667 extra
1040 608 1264 694 praeposilio-

216 712 292 755 uem
320 708 387 752 asse
412 685 593 750 contendit.
634 684 749 751 Extra
775 687 815 750 in
838 710 922 753 nuce
950 687 1106 777 profecto
1133 693 1263 757 nullam

214 774 312 840 habet
332 769 563 836 oll'ensioncm.
1045 808 1049 815 ·

300 894 332 955 8.
358 891 442 955 Cum
460 887 603 975 genilivo
619 886 820 952 substantivo
844 891 1017 955 coniunxit
1037 890 1165 957 Plinius
1178 894 1262 961 Risi.

168 972 171 977 ’
215 996 250 1041 n.
268 980 320 1055 25,
336 980 366 1051 5,
376 978 427 1041 25.
450 972 604 1037 recedetur
620 984 717 1039 extra
733 977 885 1061 corporis
899 998 955 1040 eru
984 975 1131 1042 tionibus
1147 980 1263 1065 pini-

214 1072 273 1126 tae
297 1084 372 1124 crim
397 1060 552 1145 axungia
572 1056 672 1146 falsa
703 1058 839 1124 illitum.
897 996 1031 1126 Barlari
1055 1078 1264 1151 componere

215 1146 364 1211 solebant
391 1146 671 1233 praepositionem
703 1164 779 1206 cum
809 1143 986 1226 adverbiis,
1023 1148 1123 1212 veluli
1161 1163 1263 1216 extra

212 1252 364 1317 semper.-
379 1250 523 1319 quorum
539 1250 687 1293 errorem
708 1228 874 1316 castigavit
890 1232 1066 1296 Goclenius
1084 1234 1260 1301 Observal.

296 1434 327 1517 *)
352 1428 495 1498 Confusa
518 1440 594 1494 sunt
616 1442 733 1495 cadara
757 1441 789 1495 et
813 1443 912 1496 extra
930 1432 1016 1518 apud
1036 1435 1105 1499 Cic.
1127 1435 1163 1499 in
1181 1439 1258 1523 Lag.

213 1525 246 1597 2,
263 1524 315 1591 22,
332 1520 384 1583 55.
407 1518 461 1581 uhi
485 1515 536 1579 vd.
554 1517 740 1594 Pactolum,
763 1517 814 1581 cui
838 1514 958 1582 fruslru
982 1518 1188 1606 obloquulus
1211 1535 1284 1587 est*

212 1604 394 1671 Burmann.
411 1602 445 1666 in
460 1601 555 1667 Misc.
575 1601 711 1666 Observ.
731 1601 774 1667 T.
790 1604 821 1665 4.
839 1624 872 1690 p.
888 1604 963 1668 335.

480 1785 862 1872 ‚EXTRINSEC
872 1788 952 1875 VS.

294 1936 427 1999 Factum
450 1942 498 1996 est
520 1949 758 1999 Ex'rmusncvs
781 1955 823 1997 ex
846 1934 977 2020 antiqua
998 1933 1107 2001 forma
1130 1941 1256 2004 extrim

214 2033 247 2086 et
268 2044 373 2099 secus,
402 2018 483 2082 Vide
508 2017 538 2081 T
542 2039 607 2081 om.
624 2017 649 2082 l.
674 2041 705 2103 p.
721 2023 793 2084 282.
817 2020 955 2105 Proprie
970 2020 1148 2107 significat,
1171 2049 1256 2111 quo-

210 2107 314 2172 modo
338 2103 458 2187 aliquid
484 2124 526 2165 ex
549 2112 684 2167 externo
708 2103 783 2167 loco
799 2106 937 2168 verritur
952 2106 991 2169 ad
1007 2106 1131 2192 aliquid
1153 2112 1205 2176 vel
1222 2114 1255 2176 iu

211 2190 344 2281 aliquid.
389 2189 454 2253 Sed
472 2188 703 2275 distinguimus
724 2190 968 2277 quadruplicem
987 2212 1096 2256 usum.

295 2310 320 2373 Ι.
344 2311 388 2373 Ac
411 2308 521 2396 primo
546 2307 663 2372 dicitur
686 2307 725 2371 de
750 2330 787 2372 re
805 2330 846 2373 ex
863 2320 998 2374 externo
1013 2309 1090 2375 loco
1107 2311 1254 2390 admoto,

211 2397 261 2460 vel
279 2396 424 2473 obiecta,
449 2394 498 2457 vcl
519 2404 702 2477 assumpta,
726 2394 774 2456 vel
789 2394 1009 2481 irrumpente,
1030 2397 1081 2460 vel
1098 2398 1251 2462 iutrunle.

211 2483 325 2547 Graeci
347 2483 458 2556 ἔξωθεν
466 2527 476 2559 ,
502 2479 657 2542 Germani
681 2502 743 2542 reon
767 2476 894 2567 crissen.
1001 2536 1006 2547 ,

315 2599 371 2651 Cic.
390 2600 423 2649 da
440 2599 501 2650 unt.
518 2598 544 2650 d.
561 2598 586 2662 2,
601 2597 643 2661 nl,
661 2596 719 2648 136.
746 2617 823 2665 quum
843 2628 877 2637 -
897 2601 1032 2668 pulmones
1048 2628 1083 2637 -
1100 2608 1126 2651 et
1147 2620 1195 2654 cor
1209 2621 1253 2656 cx·

277 2685 403 2736 trinsecus
423 2683 544 2749 spiritum
569 2683 718 2745 adducant,
743 2684 771 2733 in
786 2683 846 2734 aluo
863 2686 947 2735 mulla
962 2691 1024 2736 sunt
1038 2686 1200 2738 mirabiliter
1214 2693 1251 2754 rf-

272 2771 355 2833 secto.
387 2767 420 2817 dc
435 2765 525 2816 Divin.
544 2765 569 2827 1,
591 2764 634 2828 32,
656 2764 698 2816 u).
726 2768 827 2818 animos
843 2769 975 2820 dominam
990 2771 1106 2836 qaudam
1123 2789 1160 2822 cx
1175 2783 1252 2839 parte

277 2854 434 2904 extrinsecas
447 2867 500 2900 esse
517 2857 615 2900 tractos
629 2855 653 2900 et
669 2850 784 2902 haustas.
825 2851 911 2903 Acad.
931 2853 958 2916 2,
979 2853 1020 2917 15,
1042 2853 1084 2906 48.
1110 2863 1141 2906 ut
1162 2859 1187 2908 si
1209 2857 1251 2925 qui

276 2942 415 2989 tremerent
429 2961 463 2973 -·-
478 2934 518 2984 vel
533 2934 585 2999 ipsi
597 2947 645 3001 per
659 2950 685 2984 sc
700 2942 771 2986 motu
784 2937 877 2989 mentis
893 2938 980 3004 aliquo
1001 2940 1041 2989 oel
1056 2940 1158 2992 obiecta
1173 2943 1251 2992 terri-

278 3022 326 3072 llli
340 3038 369 3070 re
386 3019 550 3069 extrinsecas.
579 3017 612 3067 dc
632 3018 701 3068 Fato
722 3017 764 3083 18,
785 3018 827 3072 42.
857 3021 890 3071 dc
906 3020 969 3073 niv.
983 3021 1007 3083 2,
1023 3020 1066 3084 27,
1081 3020 1126 3074 58.
1157 3025 1250 3076 humor

276 3106 395 3171 allapsus
410 3103 575 3155 srlrinsecus.
600 3099 728 3164 1,31,66.
748 3103 814 3154 inest
828 3104 914 3173 igitar
928 3107 956 3155 in
971 3107 1066 3156 animis
1080 3111 1250 3179 praesagitio

276 3187 538 3238 ealrinsccusiniecta
553 3192 577 3235 et
588 3185 687 3236 inclusa
701 3187 834 3240 diuinitas.
861 3189 1069 3252 Lucret.l,52ll.
1089 3192 1156 3242 haec
1171 3211 1251 3262 neque

261 3271 382 3322 dissolvi
395 3270 485 3337 plagis
503 3270 660 3320 extrinsecas
676 3271 729 3322 icta
742 3280 860 3338 possunt,
879 3290 924 3324 nec
941 3292 1069 3342 porro-
1083 3277 1181 3328 retexi.

308 3371 366 3424 Cic.
382 3369 463 3423 Tuae.
483 3369 509 3433 4,
532 3369 575 3433 27,
591 3369 633 3423 58.
661 3374 729 3439 quod
752 3391 887 3440 corporum
912 3376 1064 3427 adiumenta
1086 3379 1250 3431 adhibentur

273 3455 444 3517 extrinsecae,
463 3455 610 3506 animorum
632 3457 704 3506 salas
726 3456 827 3506 inclusa
842 3457 870 3506 in
884 3458 925 3508 liis
941 3458 1005 3526 ipsis
1020 3467 1064 3512 est.
1091 3462 1127 3513 dc
1142 3464 1208 3518 Nul.
1224 3465 1249 3516 (l.

273 3538 299 3600 a,
311 3538 352 3601 12,
359 3537 401 3587 29.
419 3538 520 3587 avellum
535 3545 573 3588 est
587 3555 689 3602 coram,
706 3540 774 3606 qaod
790 3540 904 3607 effugiat
920 3543 1064 3610 accipiendi
1078 3547 1185 3614 aliquid
1204 3567 1250 3602 ex·

272 3624 414 3686 trimus,
434 3622 462 3672 ia
477 3629 515 3672 est
531 3623 723 3689 quasiscrendi
737 3625 908 3690 apellandi,
925 3628 1108 3681 necessilatem.

308 3725 365 3777 Cio.
380 3724 463 3777 Acad.
478 3724 504 3788 2,
519 3724 561 3789 40,
577 3725 635 3779 125.
652 3733 715 3776 tunc
727 3753 762 3763 -
777 3733 852 3791 pates
866 3746 900 3765 -·-
916 3729 939 3779 sl
953 3746 1037 3794 nunc,
1062 3739 1112 3782 ant
1126 3732 1150 3782 si
1168 3735 1250 3786 allam

271 3811 427 3862 dormientes
441 3810 542 3877 aliquid
557 3810 645 3860 animo
661 3808 749 3859 videre
764 3809 916 3875 uideamur,
941 3814 1072 3883 imagines
1087 3818 1250 3870 extrinsecus

272 3895 301 3945 in
315 3895 415 3945 animos
429 3901 529 3946 nastros
540 3912 588 3962 par
603 3910 694 3961 carpus
709 3894 874 3963 irrumpere?
891 3895 924 3948 da
940 3896 1032 3951 Diviu.
1048 3899 1074 3962 2,
1090 3898 1135 3964 61,
1151 3900 1215 3954 139.

286 4001 317 4060 2.
338 3976 470 4058 'Eodem
488 3993 590 4059 modo
613 3993 798 4082 designatur
822 3997 977 4081 directi0,
1015 4022 1079 4088 qua
1102 4003 1248 4089 quidex

204 4080 347 4146 externis
372 4080 484 4170 agitur.
