2618 4770
214 271 285 336 ¹468
703 257 774 325 ET.

223 428 441 509 Quamquam
460 429 559 494 sunt,
577 418 630 516 ¹>in
662 416 781 505 quibus
810 427 950 516 propter
977 394 1066 482 lianc
1096 419 1250 509 simplicem

226 513 374 602 partium
406 507 688 570 consociationem
720 525 903 569 necessario
937 515 1093 592 ponatur
1116 519 1166 588 et,
1202 529 1253 570 non
1299 560 1301 563 .

219 611 349 684 .,atque,
368 616 428 658 nec
444 598 529 680 qua·
560 592 613 656 Sic
635 593 739 654 Varro
752 611 859 675 -qnum
879 589 919 654 de
935 591 1034 680 Ling.
1051 591 1108 654 lat.
1124 596 1155 669 8,
1168 597 1197 656 l.
1210 594 1253 656 ait:
1297 586 1301 620 ¹·

229 681 318 772 quael
336 692 386 745 est
399 681 498 742 lrorno
522 679 720 762 excerpere
742 687 775 739 et
797 676 937 753 anima,
966 676 1076 740 dicere
1099 677 1191 741 aliter
1204 700 1256 742 non
1299 685 1301 693 '

226 760 351 856 potuit.
395 763 550 828 Et-facile
570 762 782 847 intelligitur,
811 760 983 846 quomodo
1008 760 1162 827 differant
1182 765 1258 829 rerba

229 850 399 919 Ciceronis
432 849 523 912 Orat.
547 852 597 928 17,
620 848 673 913 55.
706 847 858 932 eorporis
883 846 1057 933 quaedam
1077 848 1259 936 eloquentia,

225 961 331 1028 piarem
346 946 475 999 constet
492 958 509 998 e
526 956 601 998 voce
618 946 719 1020 atque
731 943 839 996 matu.
883 933 909 995 si
927 933 1054 1018 integra
1070 945 1121 997 est
1137 936 1261 1022 scripta·

228 1048 284 1090 ra:
309 1045 387 1087 narn
404 1020 503 1084 editio
521 1020 629 1106 prima
647 1018 780 1092 exhibet
796 1029 828 1082 et
847 1040 923 1082 voce
939 1029 972 1083 et
986 1029 1091 1099 nwta.
1136 1020 1216 1098 sed,
1236 1030 1262 1083 ut

228 1110 296 1175 iarn
315 1110 355 1172 de
369 1107 529 1193 particula
545 1117 644 1192 atquc
660 1104 905 1182 demonstravi,
939 1105 1099 1168 accedunt
1113 1106 1263 1170 interdum

222 1197 312 1260 ellae
336 1213 484 1264 caussae,
520 1191 637 1275 quibus
656 1193 738 1253 haec
760 1189 918 1252 vocabula
948 1189 999 1253 vel
1023 1189 1069 1254 ob
1089 1193 1262 1255 varietatem

229 1278 341 1346 vel-ob
359 1276 569 1363 elegantiam.
583 1275 736 1338 dictionis
763 1284 1030 1338 commutentur:
1063 1296 1129 1362 qua
1152 1277 1262 1343 licentia

221 1364 319 1451 apud
332 1363 438 1426 bonos
454 1363 587 1446 quidem
604 1361 782 1446 scriptores
796 1382 866 1423 non
883 1361 1079 1447 depravatur
1094 1384 1173 1426 usus
1189 1364 1263 1451 ipso·-

222 1473 307 1516 vrum
324 1447 583 1515 uocabulorum.
626 1447 711 1509 Nam
737 1447 772 1509 in
797 1447 855 1526 iis,
884 1467 967 1544 qua-e
990 1446 1128 1510 Tacitus
1155 1452 1178 1512 A
1214 1450 1261 1513 Α.

222 1537 332 1600 dixit:
348 1534 483 1598 scilicet
504 1530 644 1594 arettae
664 1543 697 1594 et
719 1543 867 1595 erectum
885 1532 1069 1618 *ingenium
1086 1470 1262 1619 pralcllcrru'ta

222 1618 356 1685 clinem
370 1642 412 1684 ac
434 1619 581 1704 speeiem
602 1616 752 1680 excelsae
779 1639 996 1704 magnaeque
1015 1616 1171 1705 gloriae
1184 1618 1263 1698 celpe-

172 1746 175 1751 ·
225 1707 375 1771 mentius
392 1727 494 1791 quam
510 1713 609 1766 cattle
620 1700 813 1787 appetebat.
831 1725 902 1767 -una
916 1704 1128 1790 particulaet
1138 1704 1263 1793 tarpeii

224 1801 378 1878 poterat,
401 1789 457 1852 sed
481 1797 610 1852 mutato
637 1809 734 1851 sensu
756 1799 787 1851 et
810 1789 932 1854 colore.

328 1911 404 1961 'Cum
416 1908 462 1960 his
472 1907 593 1959 conferri
609 1913 734 1975 possunt,
754 1924 824 1976 qnae
839 1909 911 1976 apud
926 1908 1062 1962 Orellium
1076 1909 1114 1962 ad
1133 1910 1278 1969 ctiam,
1300 1946 1301 1951 =

291 2013 324 2062 p.
340 1993 400 2045 329,
425 1994 568 2045 Becherus
585 1999 781 2045 commentatus
797 2000 845 2046 est
877 1995 1024 2064 >Zumptius
1040 1995 1166 2049 Gramen.
1176 2014 1206 2048 n.
1217 1994 1262 2048 til.
1299 2018 1301 2054 j

289 2079 394 2151 ecloum,
420 2085 445 2130 ct
468 2077 635 2147 coniungere
662 2084 811 2146 ea,'quac
833 2085 914 2132 antea
938 2095 992 2130 non
1013 2078 1162 2133 coniuncta
1181 2096 1263 2148 per-sc
1299 2105 1301 2140 e

298 2162 486 2218 constiterint:
516 2162 719 2233 Ramshornius
742 2170 847 2216 tantum
869 2163 997 2231 aequalia
1025 2163 1094 2217 elicit
1123 2166 1177 2217 hoc
1198 2162 1262 2219 molt
1299 2188 1301 2227 !

291 2248 443 2316 ”coniungi
472 2248 542 2315 Aug.
566 2248 753 2300 ‘Grctelemlus
779 2265 807 2300 n.
829 2248 890 2301 228.
914 2265 962 2312 ea,
990 2266 1060 2316 qnae
1083 2249 1140 2303 sint
1158 2250 1262 2303 ciuile!
1299 2255 1301 2275 ³

297 2332 438 2384 momenti.
474 2333 553 2399 Quae
569 2332 661 2386 cannia
675 2332 870 2403 proprietatem
887 2332 1041 2400 particulae
1056 2350 1112 2387 non
1129 2343 1204 2389 recte
1214 2350 1261 2388 can·
1300 2376 1301 2393 i

295 2417 418 2469 stituuut.
865 2428 877 2455 ⁰
1059 2420 1060 2424 ’

330 2519 486 2586 Scriptores
500 2522 681 2583 recentiores,
709 2519 737 2570 in
760 2516 957 2585 distinguendis
972 2520 1117 2572 vocabulis
1132 2516 1260 2589 negliget·¹
1299 2532 1301 2539 ·

294 2604 396 2668 tiores,
415 2605 449 2655 ab
466 2605 578 2672 antiqua
593 2603 785 2656 consuetudine
801 2619 881 2670 saepe
898 2604 1088 2657 discesserunt.
1117 2601 1259 2668 Cartili,
1299 2601 1301 2653 j

288 2688 334 2740 32.
361 2689 498 2741 Perdiccas
522 2708 554 2740 ac
571 2692 670 2741 Coenus
691 2697 716 2741 et
735 2688 860 2739 Menidas
875 2691 984 2758 sagittis
997 2691 1181 2759 prope-occisi.
1196 2695 1220 2741 el
1231 2686 1259 2738 tic

291 2791 387 2841 saepe.
407 2774 442 2826 cl.
454 2772 483 2836 5,
494 2773 519 2837 l,
528 2775 569 2826 19.
584 2774 616 2839 «8,
629 2774 671 2837 13,
679 2771 721 2825 ⁸25.

331 2875 389 2927 cic.
415 2874 448 2925 de
471 2875 547 2926 Orat.
571 2877 596 2939 l,
619 2876 645 2939 3,
666 2877 710 2927 10.
742 2875 798 2942 quis
818 2875 950 2944 ignorat,
972 2876 1009 2939 ii,
1034 2879 1080 2944 qui
1097 2857 1260 2930 mathematici

293 2969 436 3024 uocantur,
474 2968 577 3027 quanta
597 2961 629 3009 >ia
652 2961 808 3010 obscuritate
832 2978 920 3011 cerum
945 2967 970 3011 ct
986 2979 1069 3027 quam
1091 2963 1224 3012 recondite
1240 2961 1260 3009 ic

292 3053 354 3096 arte
370 3053 394 3095 et
408 3045 549 3111 multiplici
565 3046 705 3111 subtilique
728 3045 884 3096 uersentur?
908 3045 939 3095 In
963 3044 1007 3095 his
1029 3045 1117 3095 verba
1141 3041 1261 3111 multiplici

294 3130 433 3196 subtilique
449 3127 551 3180 arctius
568 3131 729 3196 copulantur
744 3146 828 3196 quam
840 3129 1044 3181 ,antecedentia
1063 3128 1092 3179 iu
1106 3124 1260 3194 uastat.
1281 3176 1284 3181 .

289 3219 444 3279 stuprorum
461 3220 485 3263 et
504 3216 627 3265 scelerum
643 3214 826 3264 exercitatione
845 3217 1009 3278 assuefactus
1024 3215 1138 3282 frigere
1160 3226 1185 3268 ct
1197 3215 1262 3279 icat

295 3304 321 3348 et
331 3298 376 3347 siti
385 3315 420 3346 ac
433 3300 535 3366 uigiliis
545 3299 720 3368 perferendis.
756 3298 919 3363 terranea,
937 3296 1009 3365 quod
1024 3297 1054 3349 iu
1068 3298 1148 3351 cod'tl.
1165 3297 1262 3367 legilm

293 3387 318 3432 et
331 3381 441 3449 uigiliis.

307 3501 565 3587 Coniunguntur
589 3525 650 3589 per
681 3516 714 3568 et
740 3505 895 3569 notiones
919 3515 1015 3592 atque
1038 3506 1220 3571 sententiae
1238 3511 1264 3567 et

128 3624 129 3628 =
226 3589 375 3670 aequales
393 3598 424 3650 et
440 3590 640 3667 contrariae,
674 3590 702 3652 si
723 3611 803 3673 qliae
827 3593 909 3653 ratio
930 3593 1106 3655 intercedit
1121 3595 1265 3657 intereas

225 3671 276 3735 vel
303 3684 438 3737 externa
461 3675 512 3737 vel
537 3677 683 3755 interna,
715 3675 856 3761 simplic-i
880 3678 1093 3762 copulatione
1118 3696 1267 3764 compre·

223 3755 408 3822 hendenda.
454 3759 671 3822 Grammatici
693 3781 792 3840 vero,
825 3763 1020 3847 praesertim
1044 3764 1083 3827 in
1108 3761 1269 3828 Ciceronis

223 3864 284 3906 usn
303 3844 518 3932 explicando,
546 3844 672 3928 duplici
694 3845 759 3909 hoc
785 3869 898 3910 errore
925 3846 999 3911 duci
1026 3850 1157 3929 solent,
1188 3845 1271 3933 quod

222 3927 299 3992 huic
319 3930 497 4016 particulae
521 3929 740 4015 multiplicem
763 3931 1054 4019 significationem,
1088 3957 1174 4021 quae
1190 3946 1271 3997 sem-

221 4037 284 4101 per
299 4037 364 4078 una
382 4025 447 4087 est,
472 4015 638 4095 tribuunt,
667 4027 701 4078 et
724 4019 813 4102 qnod
838 4020 962 4082 variam
978 4022 1162 4084 notionum
1179 4042 1271 4083 com-

221 4101 407 4187 positarum
424 4100 572 4167 formam
587 4112 620 4168 et
634 4103 861 4170 conditionem
878 4103 918 4169 ad
939 4106 1270 4194 ipsamxparticulam
