2618 4770
139 253 182 321 5⁰
292 312 297 323 x
487 244 628 316 cmm.
670 243 852 318 CIRCVM.

146 427 249 498 quam
262 405 302 471 iu
315 400 555 490 separatione,
577 414 617 469 ut
632 401 854 494 circumfero,
875 404 1046 489 περιφέρω,
1067 404 1202 471 circum

146 503 313 566 montem,
340 486 465 572 περὶτὰ
496 486 583 574 iace:
608 489 746 578 quaudo
773 513 848 556 uero
868 491 952 575 πέριξ
971 492 1202 570 demonstrat,

146 575 346 645 adverbium
369 585 420 639 est
435 574 562 652 locale,
583 586 622 639 ut
641 572 817 664 Virgilius
839 577 877 642 iu
899 589 1022 664 quarto
1048 575 1201 641 Aeaeid.

146 662 252 730 Anna
277 660 379 726 videa
409 670 480 725 toto
503 661 690 748 properari
721 662 837 728 littore
869 662 1017 726 circum:
1052 662 1110 726 Ex
1134 663 1203 726 hoc

145 748 301 814 nascitur
337 744 450 815 circi
458 757 544 823 tor,
577 742 596 810 d
626 743 849 832 περιφόρᾶριος.
903 747 934 812 0
941 748 954 811 i
962 769 1039 812 rcu
1071 768 1202 834 quoque

146 836 215 919 usqi
232 853 400 933 maecum
424 826 622 919 siguificat,
649 832 787 920 quaudo
805 856 873 920 pro
891 833 990 897 iuxta
1014 834 1200 920 accipitur,

77 918 80 925 ’
146 931 184 984 ut
207 940 300 983 circu
316 913 454 1005 forum,
478 917 573 981 eirca
596 917 778 1004 templum,
800 919 896 984 circu
919 918 1045 1005 uiginti
1068 942 1202 983 aurcos:

146 1017 181 1069 et
202 1024 388 1089 numquam
410 1001 649 1088 praepositiva
671 1005 903 1089 componitur:
921 1004 1118 1090 postposito
1138 1016 1201 1067 tu-

145 1113 225 1156 meu
244 1089 415 1157 inuenitur
430 1085 526 1172 aprrd
552 1083 591 1150 V
589 1086 686 1174 irgil.
706 1099 787 1175 post
815 1088 1020 1172 ablativum,
1062 1112 1104 1152 uo
1124 1089 1203 1159 loco

146 1173 395 1240 coniunctionis
403 1172 546 1258 prolata
560 1172 730 1254 causalis,
744 1184 782 1238 ut
798 1175 835 1239 ia
854 1180 883 1240 1.
898 1175 986 1240 Aea.
1026 1113 1203 1257 (inanima

146 1283 269 1348 capere
284 1270 366 1323 aute
381 1256 470 1321 dolis
491 1267 524 1322 et
540 1255 679 1343 cingere
678 1257 843 1406 plemma
861 1261 1023 1348 reginam
1040 1260 1202 1324 meditor.

231 1343 368 1410 Circum
391 1353 423 1406 et
439 1341 552 1421 circa,
577 1363 661 1428 quae
696 1347 826 1409 'esnero
850 1368 921 1410 non
944 1346 1008 1411 nisi
1022 1367 1104 1408 sono
1131 1343 1202 1408 dif-

85 1458 88 1464 ·
146 1428 237 1497 ferre
252 1429 465 1501 videbantur,
492 1426 666 1511 accusativi
682 1438 714 1493 et
737 1428 869 1496 ablativi
884 1429 1013 1496 formae
1037 1452 1076 1494 ex
1091 1429 1203 1493 obso-

146 1517 214 1581 leto
230 1513 389 1580 adiectivo
405 1511 515 1575 circus
529 1510 740 1598 desumptae,
761 1515 900 1601 proprie
921 1515 1104 1603 significant
1120 1539 1202 1578 am-

148 1602 265 1675 bitum,
288 1619 348 1664 seu
361 1598 488 1680 locum,
504 1596 562 1681 qui
575 1596 720 1682 aliquam
740 1621 813 1663 rem
828 1601 869 1662 ab
887 1602 980 1664 omni
1002 1602 1053 1664 vel
1076 1621 1118 1665 ex
1138 1600 1203 1664 ali-

147 1706 211 1770 qua
236 1694 331 1770 parte
354 1683 474 1766 cingit,
502 1684 590 1766 aral,
616 1705 686 1747 um.
734 1685 831 1748 Hunc
853 1683 968 1748 locum
990 1707 1095 1769 quum
1117 1707 1200 1770 pen-

146 1769 311 1833 currimus
340 1768 577 1832 circumeundc
594 1768 662 1833 sive
684 1768 826 1856 pedibus
849 1770 917 1835 sive
941 1769 1062 1849 acidis,
1083 1771 1201 1855 ipsum

145 1853 235 1918 hunc
258 1853 419 1919 ambitum
449 1852 657 1941 designamus
678 1877 739 1942 per
765 1856 904 1931 circum,
958 1855 1054 1918 Vnde
1076 1856 1202 1921 dicitur

146 1939 337 2020 circumire,
357 1937 576 2005 circumdare
594 1949 626 2003 et
639 1938 807 2028 aedificia
822 1936 1086 2028 circumforum,
1111 1963 1200 2026 quae

147 2025 284 2110 cingunt
306 2045 368 2112 per
388 2025 535 2112 ‘spatium
551 2029 799 2114 *procurrentia
856 2026 924 2091 sed
956 2036 1063 2112 potest
1096 2030 1201 2092 etiam

145 2110 226 2176 haec
246 2112 394 2174 cinctura
410 2110 538 2210 concipi
551 2131 593 2175 ax
608 2122 699 2176 certo
715 2113 860 2199 quodam
876 2112 952 2177 loeo
967 2111 1034 2176 sive
1050 2132 1090 2176 ex
1107 2133 1201 2197 pun-

146 2205 201 2260 etn
227 2195 377 2283 quodam
399 2195 515 2262 circuli
539 2197 851 2264 circumscribendi:
881 2195 972 2284 quad
993 2219 1054 2284 per
1078 2198 1200 2263 ablatu-

146 2303 225 2346 vum
241 2278 446 2369 exprimitur
456 2283 551 2347 circu
558 2329 569 2359 ‚
594 2282 735 2370 quinon
753 2296 926 2349 extensum
950 2284 1113 2370 spatium,
1136 2283 1198 2349 sed

146 2368 247 2432 sicum
276 2368 506 2455 propinquum
527 2378 640 2450 notat,
673 2370 765 2455 quasi
796 2369 891 2434 radio
910 2367 951 2435 ad
976 2377 1127 2432 centrum
1153 2386 1197 2432 ex

146 2452 257 2538 aliquo
285 2454 398 2518 circuli
423 2464 549 2540 puncto
574 2452 716 2518 directo:
739 2464 789 2519 est
815 2455 904 2519 enim
935 2453 974 2518 'ia
1003 2453 1093 2530 loco,
1121 2475 1195 2519 non

138 2559 208 2637 per
223 2539 343 2606 locunt.
384 2539 471 2605 Hinc
485 2536 696 2625 intelligitur,
719 2561 776 2604 cur
794 2541 890 2605 circa
906 2562 977 2603 non
1000 2538 1195 2604 adhibeatur

146 2645 181 2689 m
203 2623 450 2711 compositione
473 2624 654 2690 ramorum
678 2637 810 2690 mamm
832 2623 1107 2713 significantium,
1129 2645 1193 2690 neo

145 2728 307 2795 umquam
328 2708 489 2796 significet
511 2710 750 2791 circumcirca,
773 2711 941 2798 ringsum,
983 2710 1091 2794 Atque
1117 2710 1191 2779 cir-.

15 2819 51 2868 a„
68 2809 221 2901 equum
236 2795 391 2882 aliquam
405 2793 521 2860 urbem
534 2797 741 2860 commorari
756 2806 805 2861 est
819 2796 853 2860 in
862 2795 1017 2883 conclusa
1028 2795 1193 2861 vicinitate

6 2870 124 2941 tarasiam
144 2881 285 2962 versari,
305 2880 344 2944 iu
367 2881 430 2946 der
449 2880 672 2970 Umgegeud,
696 2882 789 2946 circa
812 2879 927 2946 artem
945 2882 980 2945 in
1002 2872 1067 2968 p‘rr'o
1093 2881 1195 2967 inqua

144 2966 297 3053 regione,
317 2967 356 3030 iu
378 2967 441 3032 der
456 2966 619 3054 Gcgeud,
642 2966 730 3032 haud
753 2966 882 3054 procul.
923 2966 1040 3051 Neque
1058 2903 1120 3029 alia
1144 2974 1194 3030 est

145 3072 275 3131 caussa,
299 3062 505 3140 quapropter
526 3054 638 3136 circa,
668 3074 738 3117 non
763 3052 888 3116 circum
915 3051 957 3115 ad
981 3050 1188 3137 metaphoric

145 3156 222 3199 cnm
254 3157 351 3200 usum
385 3136 593 3204 admittamur
633 3158 741 3224 neque
776 3136 945 3201 bonorum
987 3137 1193 3222 scriptorum

145 3220 319 3307 quisquam
347 3223 443 3299 circu
473 3245 537 3310 pro
568 3224 694 3289 circam
720 3222 849 3310 posuit,
881 3223 944 3286 nisi
967 3221 1025 3285 ubi
1052 3232 1191 3307 utraque

142 3307 227 3371 ratio
254 3316 286 3371 et
316 3307 537 3374 conclusionis
564 3320 597 3374 et
618 3307 872 3396 propinquitatis
900 3308 1091 3371 conveniret
1113 3329 1190 3371 cum

141 3392 192 3456 rei
209 3403 339 3458 natura.
391 3394 479 3460 Haec
502 3396 586 3460 ratio
612 3404 701 3458 certa
724 3402 868 3476 constat,
892 3392 1022 3457 etiamsi
1047 3392 1190 3481 vulgaris

140 3496 219 3544 usus
236 3489 350 3562 postea
366 3481 527 3566 quaedam
541 3479 804 3544 commutaverit.

224 3562 294 3627 Nos
319 3566 439 3629 eoniun
464 3586 575 3648 amus,
597 3586 681 3650 quae
697 3564 828 3648 utrique
849 3560 980 3627 formae
1001 3560 1192 3628 communia

141 3657 237 3730 sunt,
260 3659 294 3712 et
313 3671 397 3736 quae
412 3589 567 3716 aiusum
582 3649 839 3737 praepositionis
863 3659 894 3711 et
917 3648 1060 3713 adverbii
1084 3648 1189 3733 perti·

140 3743 222 3796 nent
246 3735 370 3821 aequali
393 3757 492 3801 sensu
514 3758 550 3800 ac
572 3735 686 3800 modo.
720 3734 821 3809 ,Nam
849 3733 942 3797 nullo
970 3733 1005 3796 in
1030 3732 1188 3820 exemplo

139 3825 211 3882 tam
231 3819 317 3884 clare
336 3820 557 3886 demonstrari
572 3831 684 3909 potest
699 3818 889 3885 adverbialis
906 3828 1021 3882 natura
1037 3821 1187 3906 praeposs·¹

142 3904 301 3970 sitionum
318 3929 417 3992 quam
433 3908 468 3971 in
486 3905 561 3971 hoc.
604 3907 762 3970 Caussam
779 3927 875 3979 vero,
899 3925 979 3990 quae
1002 3903 1128 3986 effecit,
1149 3914 1188 3969 ut

141 3988 235 4054 circa
257 4001 289 4055 et
311 3992 439 4056 circum
462 4013 538 4056 cum
566 3990 749 4057 accusativo
781 3992 1055 4075 coniungeretur,
1092 4000 1188 4057 acuto

140 4077 312 4165 perspexit
328 4076 472 4166 Scaliger
485 4077 528 4149 de
541 4077 670 4150 musis
687 4077 769 4166 ling.
784 4077 841 4145 lat.
862 4096 900 4165 p·
915 4078 992 4144 391.
