2618 4770
344 332 348 339 -
445 271 692 353 nntnnvu.
1063 234 1112 365 'se
1197 274 1200 279 ’

46 468 115 525 tum
128 474 202 523 esse
221 473 376 534 censeas,
397 474 442 520 un
456 455 492 522 in
505 466 615 547 partes
634 456 814 522 discretum
831 459 972 546 cogites,
995 479 1104 548 neque

45 546 173 613 inloco
188 543 260 606 (tic.
278 542 315 606 in
340 540 436 606 Verr.
462 547 506 621 4,
529 550 593 622 22,
616 545 670 609 48.
695 542 862 610 coenabat
886 545 983 633 apud
1007 571 1103 613 eunt.-

49 640 229 719 urgenttm
254 626 315 692 itte
339 639 487 705 ceterum
506 652 634 717 purum
654 630 876 717 opposuerat.
896 632 1004 696 verbis
1029 635 1104 720 qui-

54 717 125 781 dem
137 711 364 802 significetur,
387 727 559 802 argentum
580 737 704 804 purum
722 716 912 804 apparuisse
930 717 966 781 in
991 721 1104 785 multis

58 802 136 867 vnis·
167 799 254 891 ,sed
268 820 315 863 ex
327 804 487 866 sententia
503 801 610 881 Beieri
622 802 755 889 reliqna
771 803 843 866 nito
859 803 948 891 apud
965 802 1101 870 Terent.

55 888 118 953 ttec.
133 892 178 966 8,
193 886 236 965 5,
255 888 310 948 tu.
333 891 439 950 totum
451 887 614 974 reliquom
630 890 714 952 vitoe
730 895 877 974 partem,
900 902 1014 954 cetere
1030 892 1102 955 cita
1134 932 1137 937 -

12 1040 19 1062 ,
54 972 128 1061 apud
145 974 193 1053 Q.
210 971 281 1045 Cic.
296 968 339 1034 dc
353 958 447 1037 Petit.
465 996 493 1038 c.
511 980 542 1037 7.
569 973 647 1037 olins
664 975 749 1037 vitae
767 975 970 1040 conditiones
990 975 1101 1041 diver—

53 1080 94 1124 sas
112 1054 302 1147 significet,
324 1060 408 1121 etin
425 1060 497 1124 Liv.
514 1064 550 1138 1,
566 1061 634 1132 48,-
646 1059 676 1123 5.
698 1081 768 1122 non
788 1058 945 1125 abhorret
968 1085 992 1125 a
1009 1073 1101 1127 cete—

55 1166 88 1211 re
102 1144 243 1209 scelere.
270 1141 412 1229 intelligi
431 1144 553 1208 debent
573 1143 673 1231 pluro
690 1144 824 1218 scelera.
867 1147 969 1227 Quod
987 1149 1027 1212 ad
1045 1150 1101 1213 in·
1136 1154 1139 1160 '

56 1229 319 1318 terpretationem
346 1251 433 1314 pene
455 1229 629 1295 ridiculam
652 1229 803 1316 perducit
824 1232 1001 1295 verborum
1025 1234 1104 1298 Vin·
1156 1294 1164 1307 ,

10 1314 13 1326 “
58 1316 196 1415 gilnen.
213 1321 256 1397 2,
273 1317 349 1378 207.
364 1335 455 1401 par-s
471 1328 585 1381 cetero
602 1327 749 1401 pontum
765 1337 859 1401 pone
879 1316 985 1402 tegis,
1008 1321 1104 1404 quusi

59 1403 293 1488 ntelliguntur‚
314 1420 398 1485 quse
413 1411 530 1488 postea
544 1401 696 1465 dicuntur
712 1402 881 1466 immensa
896 1414 1010 1489 terga.
1042 1404 1101 1466 ld-

36 1482 40 1493 ’
77 1508 110 1552 ne
131 1488 269 1553 Beierus
293 1483 367 1583 ipse
390 1489 511 1552 sentire
565 1496 691 1569 uteret,
728 1509 850 1586 quum,
884 1490 971 1575 apud
993 1487 1100 1553 Tacit.

60 1512 126 1659 lgr.
151 1576 202 1638 17.
238 1580 335 1635 utm
361 1582 471 1637 'cetero
497 1511 574 1637 orde
598 1572 818 1659 multiplicem
848 1595 920 1638 rem
952 1572 1101 1655 liaberet,
1184 1600 1189 1613 ·

60 1658 270 1757 supplendum
288 1654 358 1729 esse
372 1656 554 1745 scripsisset
574 1707 595 1739 ,‚
613 1679 679 1721 une
702 1677 778 1722 cum
799 1658 936 1745 reliquis
961 1660 1100 1726 torris.“
1148 1723 1150 1725 ,

62 1742 138 1809 ruht
148 1744 234 1811 veru
244 1742 352 1827 magis
367 1746 514 1829 coarguit
531 1765 680 1814 errorem
691 1745 752 1809 viri
767 1744 855 1808 docti
866 1766 966 1831 quum
982 1747 1099 1809 sdver-

62 1831 139 1896 bium
164 1840 333 1909 ceterum,
354 1829 389 1893 in
411 1851 496 1916 quo,
517 1831 545 1894 si
569 1851 685 1896 verum
706 1841 789 1895 esset
803 1831 894 1895 ¹illud
917 1831 1107 1911 decretum,⁴
1166 1894 1170 1903 ,

62 1916 186 2003 intelligi
204 1913 533 2003 deberent·singulne
557 1916 638 1980 cline
661 1937 713 1979 res
735 1927 790 1978 sut
813 1927 934 2002 partes.
978 1916 1100 1981 Attali

61 2002 225 2068 subtilitate
238 2021 310 2064 non
329 2022 413 2087 opus
427 2000 586 2066 habemns
602 2002 636 2065 in
661 2001 899 2086 distinguendis
923 2000 974 2065 his
1000 2023 1099 2065 vocn-

60 2086 143 2161 bulis,
163 2106 311 2173 quorum
327 2094 479 2150 naturam
495 2087 565 2175 ipsn
581 2089 676 2173 origo
693 2083 800 2150 docet.
836 2086 994 2152 Ceterum
1009 2089 1099 2151 enim

60 2173 88 2238 id
102 2172 236 2255 dicitur,
258 2170 351 2257 quod
370 2171 509 2237 alterum
528 2173 712 2259 opponitur
727 2173 820 2236 alteri
834 2174 898 2250 rei,
925 2173 994 2237 sive
1008 2172 1100 2259 quod

62 2258 225 2336 ndhneret,
247 2257 298 2322 vel
314 2257 462 2339 additur,
485 2257 536 2323 vel
557 2258 631 2322 eddi
645 2268 755 2346 potest
774 2257 885 2337 ultori,
909 2279 991 2344 quoe
1013 2259 1099 2323 dictu

62 2356 113 2425 est,
128 2344 186 2424 rei,
198 2353 369 2428 tamquam
378 2345 658 2431 pursnecessnrint
675 2338 842 2431 reliquum
863 2353 974 2407 nutem
991 2343 1096 2426 estid,

60 2425 144 2517 quod
158 2428 362 2514 relinquitur
372 2438 404 2494 et
419 2439 578 2516 superest.
621 2427 661 2492 ld
677 2428 760 2493 bene
776 2429 981 2517 perspexisse
1000 2430 1096 2494 video

60 2526 90 2580 et
108 2513 365 2580 Doelekinm'in
390 2513 576 2579 Grammnt.
596 2537 630 2601 p.
649 2517 721 2578 188.
745 2524 777 2579 ct
800 2513 1039 2580 Doederlinunr
1063 2517 1099 2580 in
1207 2553 1210 2557 ·

62 2602 178 2689 Synon.
199 2601 258 2665 lut.
287 2598 359 2663 Vol.
384 2605 413 2663 1.
442 2624 477 2687 p.
504 2605 576 2665 183.
605 2599 732 2664 etiamsi
760 2623 828 2664 non
856 2622 893 2664 eo
914 2601 1097 2686 procedam

61 2708 126 2751 cum
150 2686 216 2751 hoc
232 2685 315 2757 ,viro
340 2683 489 2761 erudito,
520 2696 557 2749 ut
582 2697 739 2760 ceterum,
771 2706 813 2751 ex
839 2686 939 2769 ἕτερον
960 2685 1097 2761 fectum.

61 2772 212 2861 appellem
222 2776 388 2835 'mutatam
404 2769 552 2835 formam
566 2771 657 2836 verbi
672 2773 777 2852 ulter,
804 2773 894 2858 qnod
911 2794 987 2834 cum
1011 2771 1099 2847 ἄλλος

61 2859 283 2944 cognationem
304 2856 425 2921 habere
445 2875 545 2921 nemo
568 2856 709 2943 negabit.
732 2858 804 2922 ·Ex
824 2857 972 2923 hisvero
997 2868 1099 2943 patet,

10 2996 13 3031 ,
61 2966 118 3030 quo
144 2943 234 3009 fucili
263 2942 367 3006 r'nodo
391 2953 504 3007 cetero
528 2941 716 3029 etreliqua
740 2944 827 3006 inter
858 2964 893 3005 se
916 2943 1100 3029 permutari
1205 3003 1208 3009 ,
1282 2953 1283 2956 ’

60 3033 193 3117 possint,
216 3047 318 3114 quum
343 3027 493 3093 eamdem
516 3049 588 3091 rem
611 3037 641 3090 et
666 3049 741 3090 cum
764 3028 849 3091 dictu
867 3050 904 3090 re
923 3027 1100 3090 cohaerere

60 3128 105 3180 cut
126 3115 166 3180 ad
183 3137 258 3178 enm
272 3112 389 3178 referri
407 3122 581 3201 putemus,
603 3120 634 3176 et
648 3134 799 3176 seorsum
820 3124 967 3200 spectare
990 3114 1046 3176 out
1063 3114 1100 3176 in

57 3202 286 3298 serelinquere
304 3222 376 3263 enm
392 3200 570 3298 possimus.
615 3197 713 3262 Conf.
732 3199 864 3263 Sallust.
894 3199 966 3262 Cat.
993 3202 1099 3280 59‚2.

54 3296 83 3351 et
95 3289 126 3352 5.
144 3287 202 3351 ubt
220 3285 354 3372 reliqna
370 3300 476 3372 signu
492 3294 585 3369 sunt,
606 3307 689 3372 quse
704 3285 817 3373 paullo
849 3294 928 3374 post
950 3296 1101 3350 ceterum

50 3373 231 3439 exercitum
255 3368 420 3435 dicuntur.
845 3381 849 3390 ’

151 3510 227 3580 oute
250 3511 305 3564 snt
325 3511 444 3565 vetuerit
469 3495 667 3576 cromanius,
694 3507 742 3580 qut
765 3508 794 3562 in
818 3507 971 3565 nrammas.
999 3511 1058 3562 tot.
1072 3510 1098 3563 2.

111 3614 141 3669 p.
154 3590 217 3651 192.
239 3597 318 3650 ceteri
341 3594 375 3650 sb
398 3589 455 3651 ἐκεῖ
477 3588 677 3651 deducendum
684 3594 841 3667 existimat,
862 3612 914 3665 ego
940 3608 994 3650 non
1009 3595 1101 3663 mugio

114 3679 257 3751 perspicio
271 3697 355 3748 quem
367 3682 557 3735 Doederlinus.

157 3783 220 3837 vni
238 3783 313 3836 docti
335 3784 365 3836 in
389 3785 433 3839 rei
448 3783 688 3838 demonstratione·
702 3781 835 3837 adhibere
858 3779 995 3838 debebant
1015 3783 1099 3850 locos,

112 3864 144 3919 ln
159 3868 259 3937 quibus
274 3868 412 3923 vocabule
424 3870 476 3924 illa
489 3888 543 3924 nun
558 3869 700 3924 commode
716 3874 826 3937 possent
840 3868 1018 3934 commutari,
1041 3870 1101 3921 vel·

113 3951 156 4005 urt
173 3951 304 4020 Lissi,
319 3954 372 4020 20,
388 3953 414 4007 6.
434 3963 526 4010 contre
543 3975 575 4009 ea
591 3957 685 4009 audire
700 3972 771 4019 sese,
789 3955 880 4024 gentis
898 3971 962 4006 suae
972 3955 1102 4009 ¹leostu'nes

112 4038 194 4107 tgn's
218 4040 375 4110 finibusque
401 4039 499 4093 Italiae
518 4043 583 4111 pelli
595 4061 614 4095 a
637 4041 737 4110 populo
760 4053 871 4091 romano
893 4036 1101 4107 stipendiumque

96 4123 232 4273 findere
241 4128 272 4183 d
286 4132 374 4201 uduo
387 4123 506 4197 tuttgm
517 4127 586 4199 poti.
604 4124 633 4185 i.
643 4141 669 4179 e.
683 4123 802 4194 elinque.
828 4122 886 4180 cte.
901 4122 936 4178 tle
955 4122 1018 4178 Not.
1035 4123 1100 4182 dt,

128 4248 139 4275 ο
772 4213 793 4269 8
