2618 4770
597 275 706 345 [ΝΜ.
1101 292 1165 355 827

129 500 132 505 1
153 504 156 509 1
175 425 242 479 niti
264 441 321 477 aaa
339 426 431 481 lateat
447 428 578 499 proloqui
611 431 741 498 Meroe,
759 431 844 498 Mi·
872 434 936 491 dam
953 437 1056 504 wien
1076 441 1162 498 meite

118 558 134 569 ,,
173 529 207 569 m
223 509 336 565 minari
351 512 467 576 vendas,
485 531 566 581 qaam
579 532 632 585 ega
644 519 703 571 emi.
1232 552 1235 557 >

123 634 137 665 ³
188 650 219 713 4.
239 646 383 713 'Plenius
411 647 487 719 leuce
509 646 670 716 sententie
694 654 836 733 traditur
858 656 970 725 addito
996 662 1156 732 vocabulo

124 734 226 801 metio.-
257 735 347 798 unde
373 732 411 798 fit
437 757 541 800 unum
573 736 711 802 verbum
736 740 931 819 clrrmmorio.
984 746 1104 815 Sensus
1125 762 1158 817 et

119 820 320 905 -cinstruendi
346 819 475 895 nundus,
492 823 573 909 (vicl,
596 812 965 915 Diomedii‘'p3“t‘i't.5
985 831 1073 909 idem
1096 848 1145 900 est

125 929 167 973 nec
180 916 290 995 potest
317 907 503 970 Goerenzio
526 908 566 972 ad
591 908 658 972 Cic.
679 912 776 974 Aood.
802 918 833 989 2,
854 918 905 992 32,
931 917 1004 979 104.
1028 931 1061 982 et
1084 887 1157 987 aliisi

127 994 258 1071 macedi,
276 994 313 1056 in
324 992 468 1081 simplici
485 994 567 1056 ritem
582 994 720 1082 intelligi
731 997 849 1062 debere
865 994 1027 1066 oinissum
1040 1007 1153 1073 modo.

126 1080 258 1145 Ceterum
289 1077 388 1141 etiam
416 1080 616 1167 interposito
648 1081 711 1146 alio
739 1082 840 1148 verbo
871 1084 986 1150 dicunt
1011 1088 1093 1154 rium
1110 1127 1153 1144 -

126 1164 404 1253 modoseparntim.
503 1186 506 1190 ’

201 1286 295 1356 Plaut.
310 1285 372 1338 Aul.
386 1284 412 1350 2,
428 1285 455 1349 2,
471 1283 514 1337 62.
541 1287 681 1340 dummodo
700 1297 807 1343 morata
830 1296 898 1346 reete
917 1293 1022 1363 ueniat,
1050 1299 1151 1354 donata

170 1379 205 1426 m
218 1372 294 1424 satis.
331 1368 567 1447 ctc.1’11tt12,t,
585 1370 610 1423 9.
632 1373 723 1425 Gallia
738 1403 773 1412 —
787 1392 874 1429 omnes
889 1395 971 1446 aequo
985 1379 1074 1434 areima
1090 1384 1151 1435 beili

168 1456 271 1526 patitur
285 1454 416 1518 iniurias,
443 1455 583 1507 dummodo
598 1458 710 1524 repellat
721 1454 865 1524 periculam
878 1462 1020 1514 seruitutis.
1046 1462 1079 1514 tle
1095 1464 1149 1518 off.

169 1540 193 1605 6,
208 1540 252 1604 21,
268 1539 310 1592 82.
334 1541 379 1609 qni
395 1540 485 1592 omnia
501 1546 574 1592 recta
589 1548 615 1591 et
635 1541 745 1593 honesta
759 1544 928 1612 negligunt,
944 1548 1083 1600 dnmmodo
1098 1567 1150 1617 po.

167 1625 279 1677 tmtiam
297 1632 511 1693 consequamur..
531 1624 560 1677 ia
582 1626 664 1677 Catil.
687 1625 713 1690 l,
735 1625 760 1692 6,
784 1626 826 1680 22.
854 1632 900 1681 sed
919 1638 958 1684 ert
977 1632 1044 1684 milti
1068 1635 1147 1700 tanti,

131 1748 135 1753 -
170 1710 307 1785 minando
328 1708 382 1760 ista
398 1710 510 1777 priuata
530 1711 566 1761 sit
582 1711 724 1763 calamitas
741 1717 767 1762 et
782 1728 801 1762 a
823 1714 863 1764 rei
881 1717 1004 1782 publicae
1023 1718 1148 1784 periculis

168 1796 334 1864 seiungatar.
360 1792 395 1845 ad
414 1795 468 1846 nti.
492 1793 517 1859 i,
540 1793 566 1845 7.
595 1795 689 1862 aniius
714 1795 874 1864 (agricolis)
897 1802 1089 1867 optatissimum
1108 1808 1147 1855 est

170 1877 264 1933 etitem:
283 1880 336 1931 nisi
357 1896 399 1931 eos
419 1880 510 1931 timere
524 1886 621 1946 putas,
647 1896 680 1931 ne
694 1881 741 1931 snb
757 1899 840 1953 regno
860 1884 930 1948 sint,
964 1887 1009 1953 pai
1026 1886 1056 1937 id
1069 1904 1146 1937 num-

167 1982 260 2034 quam,
287 1963 525 2025 ‹iammorlootiosi
548 1970 648 2023 essent,
673 1974 838 2023 recusarunt.
867 1965 896 2017 in
911 1968 991 2022 Catil.
1014 1967 1083 2033 1,5,
1102 1968 1145 2021 10.

166 2068 256 2119 purga
283 2051 390 2101 urbem.-
412 2066 512 2117 magao
533 2066 575 2100 me
594 2055 664 2099 metu
686 2048 826 2116 liberatis,
854 2053 993 2105 dummodo
1014 2054 1083 2105 inter
1104 2070 1146 2113 me

167 2142 243 2203 atque
265 2141 291 2186 te
314 2120 403 2185 marus
426 2132 537 2184 intersit.
587 2130 736 2185 Lambinus
768 2152 801 2187 ex
828 2136 991 2189 auctoritate
1020 2136 1145 2189 codicum

165 2216 274 2293 scripsit
293 2218 463 2281 liberaveris,
487 2216 560 2283 quod
581 2216 736 2269 Bcnenlrius
757 2218 887 2271 vitiosum
908 2224 967 2271 ess'e
990 2228 1073 2286 putat.
1110 2221 1146 2273 m

165 2310 238 2355 recte
259 2302 305 2355 -ita
331 2302 432 2354 dicitnr
458 2301 608 2368 praemisso
632 2302 803 2370 imperatito.
834 2303 890 2354 vid.
914 2304 1040 2370 exempla
1063 2320 1145 2370 snpra

165 2404 189 2454 p.
210 2385 273 2439 248.
295 2387 387 2439 allata.
416 2387 561 2438 Colruncll.
574 2386 600 2452 4,
616 2388 659 2452 22,
676 2386 701 2438 sl.
722 2405 786 2438 nam
806 2388 854 2438 ubi
871 2388 949 2438 unius
968 2394 1020 2441 aut
1033 2389 1144 2440 alterius

158 2473 222 2539 jolii
232 2473 378 2541 pampinus
391 2472 524 2540 prorepsit
538 2489 551 2523 e
567 2473 648 2535 iuro,
677 2473 817 2525 dnmmodo
833 2472 871 2525 ari
883 2472 1067 2524 maturitatem
1080 2488 1142 2539 per·

126 2576 130 2583 ’
146 2558 267 2621 uentae,
292 2565 412 2625 sequente
425 2574 484 2608 uere
498 2584 533 2595 -·
548 2557 721 2608 uehementem
731 2559 827 2622 fundit
841 2557 990 2609 materiam.
1016 2557 1142 2624 Propert.

125 2686 133 2697 .
161 2642 187 2708 i,
208 2642 252 2707 lt,
278 2640 351 2708 (ln)
373 2640 414 2694 15.
435 2642 491 2710 ipse
506 2657 592 2694 seram
611 2642 691 2704 uites,
712 2670 747 2681 -
770 2643 909 2695 dammodo
926 2658 1059 2710 purpureo
1079 2658 1143 2708 spa·

162 2728 308 2779 meatmilzi
324 2729 396 2778 dotia
411 2735 502 2779 musto.
521 2725 540 2778 i.
559 2743 582 2780 e.
603 2742 637 2777 ea
652 2725 814 2790 conditione,
830 2731 868 2778 ut.
902 2725 1025 2777 Iuvennl.
1040 2725 1066 2788 8,
1080 2724 1140 2776 269.

164 2812 273 2865 Hirtius
289 2812 317 2863 in
335 2812 392 2864 cte.
408 2811 495 2879 Epist.
510 2811 547 2869 atl,
559 2812 615 2864 Aet.
631 2808 673 2874 15,
686 2810 720 2862 ’6.
745 2828 798 2862 non
813 2812 995 2877 mediusfidius
1008 2808 1143 2860 acerrimis

144 2890 279 2969 ‘masiliis'
296 2898 358 2965 pius
383 2884 461 2965 quam
486 2896 567 2947 etiam
588 2894 769 2959 inertissimis,
805 2895 945 2946 dammodo.
961 2893 1141 2961 diligentibus,

162 2990 357 3050 mmeqncntur.
393 2981 472 3033 orit.
496 2980 571 3031 Fast.
593 2976 619 3042 5,
637 2978 699 3030 241.
727 2995 774 3029 eur
787 2995 836 3047 ego
853 2980 984 3046 desperem
999 2977 1066 3044 fieri
1086 2977 1142 3028 siae

161 3070 273 3137 coniuge
286 3074 385 3130 mater,
404 3074 429 3117 et
443 3081 538 3133 parere
552 3064 669 3126 intacto,
690 3062 829 3113 dummodo
843 3071 934 3128 casta,
953 3064 1018 3114 viro.

195 3172 227 3223 ln
243 3170 384 3237 anaphora
405 3165 541 3218 omittitur
561 3167 646 3217 modo.
683 3164 740 3217 cte.
756 3167 834 3217 Brut.
851 3163 894 3227 82,
909 3162 969 3217 285.
995 3165 1037 3216 sin
1053 3170 1140 3218 numm

164 3256 330 3308 ieiunitatem
349 3263 374 3305 et
391 3254 534 3304 siccitatem
553 3258 578 3303 et
601 3250 735 3318 inopima,
757 3250 895 3301 dummodo
911 3250 946 3301 sit
960 3250 1061 3316 polita,
1078 3251 1140 3301 dnm

156 3342 274 3403 ariana,
294 3339 356 3391 dum
367 3340 484 3406 elegans,
503 3337 531 3386 in
547 3335 731 3400 atticogcaere
742 3332 828 3400 ponit,
845 3333 894 3384 icoc
909 3340 977 3385 recte
993 3335 1140 3397 dumtaxat,

158 3424 207 3477 sert
220 3424 284 3491 qnia
294 3430 356 3473 serat
372 3423 400 3472 in
408 3423 502 3474 Atticis
517 3422 576 3485 alia
590 3414 716 3482 meliora,
730 3418 820 3483 uideat
830 3432 867 3485 ne
880 3417 985 3487 ignoret
997 3426 1022 3474 et
1035 3419 1140 3488 ffatim

157 3516 184 3561 et
198 3507 426 3561 dissimilitudines
440 3536 475 3544 —
491 3506 648 3561 Aestima.
794 3498 797 3503 ’

138 3626 141 3631 ·
196 3611 312 3662 Terent
324 3610 393 3660 Eun.
406 3608 432 3672 2,
441 3607 466 3672 3,
473 3607 515 3659 28.
534 3608 640 3659 meanti
649 3609 747 3671 refert,
764 3607 825 3659 dum
830 3605 922 3674 patiar
931 3605 1017 3657 mado.
1037 3605 1138 3657 Hercul.

157 3692 187 3760 6,
204 3694 230 3759 l,
245 3692 289 3747 5⁶1.
312 3695 404 3745 Veler.
420 3694 463 3744 Fl.
480 3689 506 3757 5,
521 3689 581 3746 266.
606 3692 669 3743 dnm
682 3710 733 3744 sna
747 3692 782 3743 sit
796 3692 872 3743 mado
890 3696 950 3741 tuta
964 3690 1045 3740 salus.

174 3832 209 3899 5.
223 3831 273 3909 ,ln
293 3832 468 3919 negatione
485 3824 604 3911 dicitnr
618 3812 801 3895 dummodo
817 3853 873 3895 nc,
912 3828 1008 3891 Ratio
1025 3824 1139 3887 ecdem

109 3929 150 3983 st.
185 3917 226 3981 ln
242 3916 428 3981 dummodo
447 3938 515 4001 aare
530 3902 971 3980 auffiffl'i'i'irlffiil'fiismen
986 3909 1139 4002 pertinet,

110 4013 149 4069 nt
164 4024 244 4067 eum
259 4005 359 4072 verbo
380 4003 414 4069 in
427 4022 527 4067 unam
538 4002 714 4087 ‘nunonem
730 4002 944 4066 coniunctum
961 4007 1025 4077 est,
1040 3993 1140 4059 velun

109 4112 258 4173 anessa,
