2618 4770
128 261 214 351 rsa‘
450 277 635 345 carrus.
678 276 849 345 carris.

197 453 291 490 omnes
313 438 423 504 praeter
437 449 519 486 anum
534 431 715 499 talesam,
740 430 789 501 qui
805 428 880 484 addit
892 430 949 485 elur
962 430 1012 484 rei
1044 429 1165 502 Intellige

17 620 43 702 ,3
71 518 475 675 idamsswildldngiritllrnm
496 598 591 671 gratia
615 596 762 651 wllocsvit
783 596 916 664 Quinctil.
935 594 961 651 Β.
987 598 1115 652 Prooem.
1130 598 1167 654 1⁸.

10 696 179 809 5⁸le
194 692 275 760 idque
290 687 401 755 jaciunt
419 685 515 755 palia
530 683 640 759 'decoris
664 681 690 746 8,
706 680 732 747 θ,
749 681 775 734 2.
806 683 933 750 quasdam
954 685 1052 752 gratia
1068 683 1169 752 signifi-

41 788 131 845 supe»

145 827 150 841 .
175 758 324 836 moab,
354 770 480 838 quasdam
499 767 599 821 decoris
618 767 725 820 menni.
755 764 782 832 9,
796 764 823 834 d,
837 766 897 821 144.
922 767 1048 821 idcnwrn
1069 768 1168 820 mla:

28 834 181 957 exim
195 861 371 925 mmm·
389 853 484 924 gralia
500 851 625 905 lenitatis.
1016 827 1033 851 s
1203 846 1206 861 .

73 978 174 1041 meti
213 960 247 1022 2.
276 953 451 1021 Formulac
473 961 549 1017 sunt
575 951 721 1036 exempli
740 952 883 1040 gratia,
920 949 1022 1016 verbi
1038 952 1167 1039 gratia,

1 1000 57 1119 ff
76 1053 79 1059 ’
131 1059 272 1139 quarum
300 1049 439 1124 utraque
467 1037 554 1124 apud
581 1037 791 1116 Ciceronem,
821 1037 883 1100 nisi
906 1035 1026 1114 fallor,
1061 1037 1168 1115 semel,

7 1166 46 1207 ,a
65 1123 218 1213 laappud
243 1124 323 1190 alius
348 1125 500 1209 antiquos
527 1123 704 1207 scriptores
729 1142 908 1207 numquam
932 1120 1072 1209 legitur,
1103 1121 1166 1187 frc-

11 1236 32 1283 4.
45 1220 81 1280 ll
131 1210 287 1297 queatior
302 1219 411 1275 aulem
427 1206 512 1294 apud
529 1208 735 1275 recentiores.
781 1207 895 1271 Cicero
918 1204 1029 1270 dicere
1050 1206 1167 1270 solebat

2 1298 30 1355 ι)
97 1346 109 1376 „
131 1294 277 1394 exempli
292 1316 433 1373 carasca,
461 1289 551 1357 verbi
567 1314 700 1357 caussa.
741 1291 801 1356 Est
817 1313 894 1359 vero
912 1291 1059 1383 elliptica
1076 1290 1165 1356 dictio

2 1356 99 1419 Μ*
131 1401 195 1469 pro
219 1378 259 1443 ad
280 1377 426 1465 exempli
443 1372 569 1465 g'ratia
591 1376 723 1463 loquor,
745 1378 766 1441 i.
784 1398 832 1458 e.,
854 1387 889 1440 ut
906 1374 1044 1442 afferam
1062 1398 1166 1441 exem-

131 1462 236 1553 plum.
280 1463 344 1528 Sed
360 1463 561 1550 grammatici
584 1460 681 1526 hodic
708 1483 827 1549 pueros
851 1461 986 1536 docent,
1008 1461 1090 1551 haec
1111 1485 1165 1526 ua·

132 1550 220 1613 mina
242 1571 259 1611 a
274 1548 395 1615 Latinis
411 1569 479 1610 non
496 1546 595 1634 poni,
617 1548 679 1611 nisi
697 1547 754 1611 ubi
770 1568 844 1611 cum
860 1548 960 1611 verbo
977 1558 1163 1611 construan-

131 1644 204 1712 tur,
227 1654 335 1720 ncqus
358 1652 414 1698 um
440 1653 514 1696 uam
538 1638 573 1703 in
596 1631 767 1696 afferendis
793 1631 893 1698 rebus
916 1634 1013 1696 nnius
1039 1632 1162 1697 alicuius

132 1719 280 1807 generis,
308 1740 373 1807 pro
392 1655 503 1786 adiisti.
550 1718 630 1780 Vide
644 1717 777 1782 Krebsii
793 1717 913 1781 librum
929 1716 971 1781 de
988 1727 1060 1782 arte
1078 1719 1163 1782 latine

132 1803 311 1867 scribendi·
334 1825 369 1888 p.
397 1807 471 1865 571.
544 1802 697 1888 Grysaris
739 1802 996 1866 Antibarbarum
1033 1824 1071 1888 p.
1100 1808 1162 1867 286.

132 1885 458 1972 Vtrumquefalsurn
488 1894 546 1949 est.
598 1887 683 1949 Nam
716 1888 786 1974 ipse
817 1887 931 1954 Cicero
965 1898 997 1951 ct
1026 1888 1163 1952 absoluta

132 1972 329 2057 interposuit
344 1969 460 2054 verba,
482 1980 515 2036 et
530 1992 593 2068 pro
611 1971 730 2056 relati,
750 1975 785 2046 in
801 1973 1096 2040 commemoranda
1111 1995 1163 2039 uua

132 2056 304 2142 aliquare
983 2088 985 2093 ·

235 2158 293 2212 (lic.
308 2158 342 2210 de
358 2156 413 2211 Off.
427 2156 453 2223 3,
469 2157 513 2222 12,
526 2153 569 2207 5⁰.
593 2155 648 2208 eius
666 2158 771 2226 generis
790 2158 841 2211 isac
858 2162 919 2210 sant
936 2159 1118 2224 parativam
1138 2160 1162 2223 ri,

199 2244 308 2310 exempli
327 2243 436 2313 gratia,
462 2242 506 2294 cir
526 2243 608 2292 lanus
627 2241 791 2294 Alexandria
812 2243 935 2297 uuonan
959 2259 1093 2313 magnam
1108 2238 1163 2312 fru-

199 2329 282 2381 menti
294 2344 429 2379 camenam
444 2322 577 2378 advexerit
593 2329 644 2382 etc,
669 2324 703 2374 da
719 2324 779 2385 Fin,
793 2323 819 2388 5,
835 2323 935 2390 11‚al.
952 2326 983 2377 in
997 2328 1075 2380 nodis
1090 2335 1164 2380 caua

200 2414 264 2481 ipsis
279 2430 311 2463 ne
320 2411 436 2480 intelligi
449 2410 567 2477 quidem,
583 2415 614 2460 ut
627 2416 735 2476 propter
750 2410 832 2462 aliam
847 2409 1000 2476 quampiam
1016 2427 1090 2476 rem,
1104 2410 1164 2462 verli

197 2497 308 2565 gralia,
327 2500 437 2563 propter
448 2493 606 2561 voluptatem
621 2509 668 2545 nas
684 2510 807 2545 ornemus.
841 2492 913 2545 Plin.
924 2493 999 2547 nist.
1010 2512 1036 2547 n.
1047 2494 1163 2560 2,41,41.

199 2581 228 2632 in
246 2580 287 2632 lic
304 2579 407 2646 quidem
425 2577 496 2629 mille
517 2582 649 2627 sescentas
663 2577 822 2628 adnotavere
838 2580 942 2642 stellas,
969 2580 1091 2649 insignes
1105 2581 1163 2633 aide·

199 2665 258 2715 licet
269 2665 361 2730 effectu
374 2663 477 2720 viauae:
503 2661 614 2729 exempli
627 2662 723 2729 gratia
738 2661 767 2718 in
782 2663 867 2715 cauda
883 2664 968 2722 Tauri
982 2672 1095 2732 septem,
1112 2679 1164 2733 pact

200 2748 366 2815 appellavere
378 2746 518 2813 Vergilias.

235 2830 304 2880 Cum
320 2830 404 2881 verbo
421 2827 590 2895 componitur
607 2827 678 2894 apud
700 2826 830 2893 Quinctil,
845 2825 870 2890 ll,
886 2826 912 2893 5,
929 2828 953 2889 ll,
981 2848 1073 2898 pauca
1090 2837 1165 2882 lunen

198 2914 308 2987 exempli
321 2915 415 2982 gratia
424 2931 529 2980 ponam.
544 2919 571 2964 st
581 2911 652 2978 opud
661 2913 768 2965 Gornel.
779 2912 875 2980 Lysl,
884 2913 908 2966 1.
930 2915 1005 2970 cuias
1020 2917 1054 2968 de
1067 2913 1166 2968 crudeli·

200 2992 256 3048 tale
278 3005 303 3048 et
327 2998 443 3065 perfidia
471 2998 535 3048 salis
563 3006 600 3049 est
624 3015 705 3050 unam
728 3015 782 3050 rena
804 2999 912 3074 exempli
933 3001 1031 3066 gratia
1048 3002 1166 3068 proferre.

199 3080 270 3133 Plin.
287 3081 359 3134 Hisl.
377 3100 403 3133 n.
419 3081 461 3147 18,
476 3079 519 3147 25,
532 3079 574 3134 51.

359 3251 630 3336 GRATHS.
695 3251 946 3339 GRATIS.

216 3401 244 3465 1..
270 3397 350 3476 Qua
366 3396 493 3462 ratione
513 3397 649 3462 verbum
666 3399 789 3483 gratia
805 3398 844 3460 ad
861 3397 1005 3461 adverbii
1024 3407 1169 3483 potesta·

131 3486 199 3540 tem
222 3493 411 3560 revocatur,
439 3483 552 3549 eudem
577 3484 673 3548 etiarn
687 3483 817 3567 gratiis
838 3482 956 3546 dicilur
976 3505 1039 3569 pro
1058 3483 1168 3547 adver-

131 3562 197 3625 bia.
252 3566 335 3628 Nam
364 3567 420 3653 qui
444 3569 554 3652 gratiis
581 3569 701 3651 aliquid
729 3569 811 3653 agit,
841 3569 868 3630 is
898 3569 963 3654 agit
986 3591 1047 3655 per
1072 3569 1170 3632 solam

131 3651 286 3733 gratiam,
307 3650 396 3720 nulla
418 3653 567 3722 mercede
585 3652 774 3738 proposita,
797 3653 930 3715 nullove
947 3654 1069 3738 prelio.
1113 3653 1171 3717 Ila·

131 3755 195 3821 qus
217 3736 373 3822 siguificat
394 3747 520 3820 προῖκα,
541 3748 702 3806 remanant.
748 3742 852 3824 Atque
874 3739 1041 3809 celerrimi
1058 3750 1170 3826 poetae

130 3840 260 3907 semper
291 3823 335 3892 ila
365 3822 469 3894 tribus
499 3822 632 3907 syllabis
662 3822 790 3908 loquuti
818 3833 912 3900 sunt,
945 3845 1017 3887 non
1043 3825 1169 3910 gratis.

131 3905 204 3976 Vid,
228 3906 363 3981 Bentlei.
391 3908 431 3975 ad
458 3906 591 3977 Terenl.
613 3906 673 3977 Ad,
697 3911 729 3986 4,
752 3914 782 3991 7,
805 3913 858 3971 26.
889 3908 1110 3973 Lindemann.
1133 3906 1170 3971 ad

130 3989 232 4058 Plaut.
257 3993 351 4077 Capi.
377 3994 408 4068 5,
434 3998 463 4072 1,
486 3996 537 4064 27,
567 3997 599 4072 2,
623 3996 654 4075 3,
680 3994 731 4065 48,
782 3993 890 4066 Etiam
916 3992 1087 4059 Charisius
1111 3992 1172 4057 hoc

131 4073 314 4149 observavit
337 4100 371 4173 Ρ,
391 4080 462 4150 180·
