2618 4770
342 340 344 345 ,
381 264 536 335 effice..
560 265 744 336 CIRCVM.
1056 275 1099 340 49

10 455 33 500 tc
114 424 189 483 ntum
201 423 287 479 truta
299 438 371 479 cruce
390 448 427 464 -·
453 438 502 477 ceu
514 436 580 476 acro
594 440 649 476 mcc
665 423 802 479 crocodilis
822 430 849 479 et
864 425 967 481 ‹turttc‘o
979 429 1099 499 tergortr

10 546 33 605 a,
117 513 244 567 tribuetur
257 516 284 562 ct
296 508 417 562 solertia.
434 505 479 561 dd.
496 507 585 577 praet.
599 508 625 562 1.
642 511 826 578 persequimur
845 529 933 564 omues
954 513 1010 566 cius
1028 514 1096 582 (tel-

10 652 17 670 ,
119 595 314 663 ΙώΜοοοο,
341 592 503 663 uicimucque
521 610 601 665 srcper
625 601 797 658 excavatum,
814 595 943 650 miranter
965 597 1097 653 ceturae

120 679 270 749 edmundo,
289 684 340 731 aar
352 678 528 731 intremiscere
546 678 639 731 illum:
658 695 703 731 ceu
717 696 779 733 aero
802 697 856 733 mou
879 679 930 734 hcc
949 683 1031 736 etiam
1051 683 1097 736 im-

10 772 42 819 et:
116 765 267 834 &notiore
283 777 378 816 rccrac
392 764 515 832 pareatc'r
527 763 640 832 ecprc'mi
648 763 742 831 parcit.
775 765 870 819 Pruct.
887 765 953 822 libr.
968 766 996 821 1.
1014 765 1094 836 1126.

10 830 41 913 r-⁸
113 847 206 901 Franz.
225 865 272 900 ccu
296 864 358 899 cero
382 848 514 913 merciam,
541 849 668 901 edacem
690 848 948 916 tuccpurcacm-
961 853 1095 924 ecripaiase

10 936 39 987 a!
111 931 349 1000 amram.
366 929 489 997 u,1,u
514 925 655 997 lunc.
683 928 860 1000 1c‚ae,4c.

10 1017 42 1145 ‚if
122 1055 425 1119 *commutantur
446 1052 482 1117 in
503 1052 597 1118 libris
619 1052 751 1142 scriptis
775 1077 835 1122 ceu
859 1067 890 1122 et
912 1077 982 1123 ceu.
1024 1055 1093 1124 vid.

13 1139 22 1156 '
65 1139 201 1207 Gronovii
218 1138 402 1205 edit.Plinii
417 1142 457 1218 9,
473 1142 505 1202 6.
528 1142 567 1218 9,
579 1142 632 1202 37.
656 1144 717 1218 11,
732 1142 784 1220 48,
808 1146 867 1220 16,
886 1148 937 1209 10.
958 1152 1092 1210 etcum.

10 1312 12 1323 Ι
62 1225 110 1298 rit.
126 1225 351 1315 Oudendorp.
369 1223 411 1292 ad
428 1222 527 1314 Apul.
544 1221 626 1291 Met.
646 1245 681 1312 p.
698 1223 755 1289 94.
816 1282 828 1309 Ι.

290 1443 506 1535 omer.
567 1372 849 1536 crucum

125 1628 286 1717 Cognatio
300 1629 484 1696 verborum
506 1646 610 1696 curce
632 1639 665 1695 et
684 1645 816 1696 crncvrr
837 1637 872 1694 ct
888 1629 1006 1714 κίρκος,
1018 1653 1093 1716 cuq-

55 1706 123 1796 rc'u,
141 1720 259 1801 ‘miror
288 1726 405 1815 aperta
432 1726 499 1782 estc
541 1717 636 1804 origo
666 1726 778 1780 tamen
812 1714 993 1780 latinorum
1022 1739 1090 1782 non

55 1811 150 1889 potest
169 1805 208 1869 in
233 1802 460 1890 ipsusgraccis
483 1803 608 1888 quaeri.
649 1801 738 1866 Nam
762 1801 854 1887 quod
874 1802 962 1888 apud
989 1800 1094 1871 Athe.

55 1907 160 1952 uacum
176 1891 279 1972 κίρκος
294 1886 432 1969 dicitur,
457 1887 600 1952 latinum
624 1897 673 1952 est
694 1909 820 1952 nomen
843 1886 940 1966 circi,
958 1889 993 1954 in
1017 1889 1094 1975 epi-

57 1984 225 2058 grammate
242 1971 392 2039 Phaniae
416 1974 561 2041 Analect.
591 1973 636 2037 Τ.
657 1978 691 2038 2.
742 1973 827 2039 .52.
858 1995 893 2036 n.
915 1979 948 2037 2.
981 1975 1092 2056 κίρκος,

59 2059 202 2141 circulus,
231 2060 426 2130 recentioris.
446 2060 576 2125 videtur
606 2081 677 2123 esse
725 2058 932 2123 ormationis.
983 2060 1094 2139 Quare

58 2146 153 2209 omnia
177 2144 259 2210 hacc
284 2166 326 2210 ex
349 2147 520 2210 communi
544 2144 690 2232 quodam
711 2143 806 2211 fonte
831 2143 969 2209 deducta
1017 2155 1094 2208 uta-

58 2250 133 2305 mur,
156 2252 197 2294 ex
222 2251 289 2318 quo
307 2231 415 2297 etiam
438 2231 607 2297 Germani
622 2251 682 2296 suc
702 2231 803 2296 verba
823 2226 954 2313 locta,
1032 2230 1092 2307 cic,

59 2312 152 2379 Kriulc
165 2315 358 2382 hauserunt.

53 2448 57 2454 -
131 2401 275 2467 Primum
306 2423 475 2490 apponam
497 2402 798 2488 grammaticorum
820 2409 971 2467 veterum
993 2422 1094 2488 prae·

61 2494 147 2584 cepta.
173 2486 343 2553 Charisius
359 2487 464 2552 Instit.
478 2510 584 2575 gram.
603 2511 639 2575 p.
657 2493 732 2553 207.
754 2487 934 2567 circam,
957 2487 1093 2563 circu,

62 2571 232 2639 cerciter
254 2574 329 2638 strae
353 2573 508 2661 (fortasse
535 2573 664 2660 legend.
687 2573 763 2661 hoc)
789 2569 972 2724 dqfferurct,
1004 2573 1094 2662 quod

60 2656 206 2723 circum
221 2659 291 2724 loci
304 2671 376 2724 cst.-
398 2659 527 2724 circum
541 2662 724 2724 tlceotrum.
745 2661 794 2709 -'
833 2659 944 2725 'irco
959 2669 1093 2746 tempa-

61 2741 116 2805 ric:
135 2743 225 2809 circa
234 2743 428 2809 Kalendae.
454 2742 654 2813 Ciroiter
669 2744 822 2810 marmori.-
840 2744 977 2809 circiter
988 2745 1093 2809 leorae

61 2825 176 2895 decem.-
199 2842 234 2896 et
253 2831 285 2894 ci
301 2828 406 2896 aliter
419 2830 662 2911 inveniuntur,
685 2831 826 2897 licentia
849 2831 980 2894 dictum
996 2829 1093 2894 uide-

61 2922 116 2978 uu.
152 2915 240 2993 Fiat.
265 2917 373 3004 Caper
394 2939 429 3004 p.
446 2917 542 2980 2241.
565 2917 754 2983 circiter
775 2915 1018 2981 adnumerum
1035 2936 1094 2978 re-

54 2993 173 3087 jener,
193 3002 365 3068 circum
386 3001 436 3066 ad
460 3002 589 3076 locum,
613 3001 739 3068 circo
759 3000 809 3066 cd
832 3011 980 3086 tempus,
1004 2998 1095 3087 quod

60 3095 101 3149 ert
119 3082 227 3177 simp.
262 3109 347 3176 ergo
370 3085 516 3152 dicimus
538 3087 748 3152 circumcisae
772 3109 835 3151 nos
857 3084 998 3161 urbem,
1025 3107 1104 3149 aare.

57 3169 228 3238 circciisae.
273 3174 428 3254 Quorum
443 3173 640 3236 sententiam
682 3194 764 3239 uum
784 3172 1001 3260 Dcm'psteruc
1021 3171 1094 3236 clii-

56 3275 110 3340 que
123 3259 225 3324 critici
241 3259 278 3324 in
300 3259 435 3324 diversis
450 3258 651 3346 scriptorum
659 3195 750 3324 iocis
773 3257 975 3343 corrigendis
995 3265 1101 3322 com-⁴

94 3341 254 3426 obessent,
270 3343 423 3410 refellere
436 3342 577 3417 ‚demum
595 3355 733 3410 conatus
745 3355 793 3410 est
806 3342 1038 3408 Broukhusius
1052 3340 1095 3407 ad
1189 3367 1191 3373 ·

74 3440 191 3517 ropert.
205 3431 247 3510 4,
263 3434 303 3512 6,
320 3435 352 3497 6.
382 3440 554 3518 tamquam
578 3453 648 3494 non
674 3432 766 3495 omni
791 3452 834 3494 ex
855 3439 949 3518 parte
971 3448 1095 3492 convo·-

48 3513 144 3580 nisset
166 3527 342 3600 plectarum
368 3536 465 3581 usus:
495 3537 578 3602 quae
600 3519 752 3606 recoquit
775 3516 886 3581 Badeo
906 3514 947 3580 ad
977 3515 1094 3579 Senes.

45 3596 138 3666 Herc.
161 3601 240 3668 Fur.
264 3604 337 3668 149.
367 3600 459 3669 conf.
482 3602 739 3669 Drakenborch.
765 3602 806 3666 ad
827 3601 897 3666 Liv.
923 3602 963 3677 4,
989 3605 1046 3678 12,
1061 3604 1094 3664 9.

43 3684 118 3751 Non
148 3689 257 3770 ratio,
287 3689 345 3754 sed
371 3689 555 3753 observatio
588 3687 831 3753 consuetudinis
861 3685 981 3751 fefellit
1012 3687 1095 3750 istos

42 3760 285 3857 grammaticos.
334 3775 509 3840 Contraria
535 3774 649 3839 docuit
670 3773 760 3840 Beda
776 3797 812 3861 p.
831 3777 928 3839 2382.
964 3795 983 3834 ο
998 3771 1095 3835 irco
1133 3806 1137 3811 ·

42 3858 94 3924 ud
116 3858 284 3926 riribilem
305 3860 493 3925 materiam
514 3860 566 3924 vel
587 3861 699 3924 locum
710 3859 876 3946 pertinet.
922 3856 953 3922 C
958 3857 972 3920 i
978 3879 1095 3921 rcum

41 3942 95 4008 acl
107 3955 246 4033 ternpus
265 3943 424 4036 refertur.
467 3945 564 4009 Hunc
591 3957 623 4010 ct
646 3940 731 4011 ratio
757 3955 790 4010 ct
812 3943 910 4009 lectio
935 3943 1094 4007 destituit.
1180 3937 1184 3947 “

40 4028 227 4096 Priscianus
261 4033 322 4114 14,
342 4037 381 4106 3,
413 4035 478 4099 38..
497 4053 533 4118 p.
559 4035 632 4098 989.
664 4033 832 4096 circum
862 4029 998 4118 querendo
1027 4029 1095 4110 περὶ

797 4117 804 4129 0

42 4112 241 4266 rigfiufie'ut,
258 4114 680 4208 praepositiuucccpc'tur‚
699 4129 774 4185 tanc
789 4116 1093 4266 cu4compositione,
1156 4140 1158 4145 ·
