2664 4756
201 293 265 355 670
593 280 849 347 EXTEMPLO.

201 454 349 527 tempus,
389 449 427 504 ut
449 437 538 502 idem
559 436 603 500 sit
631 436 723 523 quod
754 436 846 502 eloco
877 436 958 524 (vid.
983 460 1022 527 p.
1042 438 1142 523 364),
1173 461 1257 503 ere·

171 560 177 573 ·
202 527 320 613 stigio.

305 622 477 679 Forcellinus
490 621 521 675 iu
532 621 626 675 multis
641 639 736 675 verum
753 630 795 677 est
810 630 985 692 assequutus:
1009 631 1113 678 tamen
1128 622 1257 692 originem

231 698 235 703 ⁸
270 711 349 767 verbi
365 707 515 777 uirginibus
532 706 668 776 assignat,
688 709 751 775 qui,
767 709 888 776 suspicio
901 709 1064 777 auspicato,
1079 709 1217 761 contiuno
1230 725 1256 759 er

270 797 373 864 templo
391 799 469 859 capto
486 791 625 844 discedere
640 794 774 857 solerent,
797 795 878 849 deum
896 796 1072 865 exploratam
1088 795 1255 845 uoluntatem

271 877 431 939 nuntiaturi.
467 877 593 947 Scaliger
610 878 637 929 in
652 877 772 933 Conieel.
788 880 822 931 ad
838 881 949 931 l'arron.
958 877 982 942 6,
991 879 1036 942 2.,
1055 880 1205 945 ‚‚verl)nnr
1215 886 1254 940 est,

270 964 369 1037 inquit,
387 978 536 1026 sacrorum,
558 962 628 1015 sicut
643 963 712 1014 ilicet
726 962 898 1015 indiciorum.
934 963 969 1015 Vt
981 962 1061 1013 enim
1074 964 1138 1017 hoo
1153 963 1254 1015 dimisso

208 1050 212 1061 '
271 1056 384 1112 senatu,
413 1046 453 1105 sie
475 1054 503 1098 et
520 1046 588 1098 illud
603 1045 737 1099 sunilleio
751 1054 859 1114 patrato
871 1065 889 1101 a
903 1063 1043 1115 praecone
1057 1036 1254 1115 pronuntiata

185 1118 189 1127 ¹
270 1142 323 1191 tur.
370 1133 431 1199 Quo
455 1130 677 1199 significabatur,
702 1137 733 1183 nt
755 1132 862 1185 sitirent
885 1149 918 1185 ox
941 1131 1056 1199 templo.
1098 1133 1186 1198 Quod
1200 1131 1254 1199 quir

273 1220 328 1274 cito
343 1217 435 1279 tiebat,
450 1213 512 1265 inde
528 1231 577 1281 pro
592 1213 646 1266 cito
658 1220 685 1268 ot
700 1232 816 1284 propere
829 1214 900 1269 suini
912 1222 1042 1284 coeptum
1053 1218 1133 1268 est.“
1153 1218 1198 1269 De
1211 1231 1253 1284 qna

271 1323 302 1358 re
316 1280 421 1355 reterri
438 1298 509 1350 nibil
524 1298 640 1351 tradunt.

287 1405 402 1470 Cicero
420 1401 503 1465 huuc
524 1422 637 1467 uocem
660 1401 693 1463 in
710 1421 778 1465 nno
801 1412 930 1466 tautum
953 1402 1034 1465 loco
1062 1403 1253 1466 orationum

227 1494 333 1569 ouant,
351 1485 526 1555 Terentius
547 1485 580 1548 in
598 1485 737 1553 duobus.
781 1489 976 1572 Saepissime
990 1510 1067 1551 eum
1084 1489 1253 1575 usurpavit

201 1516 352 1656 Elocutus,
378 1574 434 1659 qui
459 1570 556 1634 etiarn
582 1571 772 1657 extempulo
794 1573 877 1636 dixit
900 1572 1024 1636 seniles:
1056 1574 1158 1658 quod
1182 1596 1254 1660 pro-

202 1662 329 1728 fectum
367 1655 450 1722 mihi
482 1655 609 1720 videtur
642 1680 659 1718 a
691 1658 815 1741 vulgari
852 1659 1136 1744 pronuntiatione
1171 1659 1251 1723 verbi

202 1747 334 1833 templi.
379 1743 432 1806 Sic
447 1741 534 1804 enim
550 1742 583 1803 iu
601 1741 816 1826 inscriptione
833 1742 919 1830 apud
938 1744 1075 1807 Gruter.
1092 1750 1216 1830 psas.
1227 1753 1251 1809 1.

202 1844 342 1899 curator
371 1825 514 1911 tempuli
549 1825 679 1911 legitur.
746 1826 848 1914 idque
879 1826 957 1890 feeit
986 1830 1130 1893 Plautus
1161 1831 1252 1894 metri

202 1937 315 1981 caussa
339 1915 371 1977 in
403 1909 468 1974 fine
493 1932 602 1974 versus
630 1909 777 1981 iambici.
816 1923 855 1976 nt
883 1911 1020 1976 haberet
1051 1916 1252 1981 vocabulum

200 2000 307 2067 brevis
326 1996 469 2083 syllabae
492 1995 705 2082 penultimae.
755 1999 839 2061 Sunt
863 1999 951 2060 enim
975 1998 1014 2081 hi
1038 1999 1111 2066 loci
1130 2003 1203 2064 Aul.
1222 2009 1252 2083 l,

200 2087 298 2163 215.
323 2084 708 2163 OEst.,1,1,99.2,3,10.
740 2083 1001 2162 fiscanense.
1031 2086 1244 2165 Miranti.

200 2172 303 2236 Poen.
323 2175 351 2248 l,
373 2176 401 2247 1,
417 2167 470 2233 56.
513 2166 755 2253 Naeviustupnd
774 2167 916 2232 Gellium
932 2173 963 2246 2,
982 2174 1037 2233 19.
1060 2172 1248 2259 extempulo

200 2256 261 2329 illo
279 2268 312 2321 te
329 2254 465 2334 discum,
481 2250 540 2317 ubi
552 2274 621 2317 nou
636 2253 795 2340 despuet.
838 2252 901 2316 Sed
919 2252 982 2316 boc
1000 2278 1048 2327 ex
1063 2260 1250 2324 coniectura

198 2339 338 2409 Praeterii
355 2340 390 2402 in
408 2337 581 2413 Verisimil.
601 2344 631 2418 2,
654 2345 703 2402 11.
732 2339 824 2403 Libri
847 2337 959 2423 scripti
984 2346 1176 2432 extemplo.
1218 2345 1250 2410 lu

201 2426 369 2491 codicibus
391 2445 461 2487 uon
484 2423 712 2487 recentissimis
733 2425 853 2512 legitur
875 2423 1043 2490 interdum
1068 2432 1250 2519 extimplo:

199 2512 290 2598 quod
308 2510 503 2574 litteratores
521 2508 716 2573 discriminis
735 2531 846 2573 caussa
861 2507 975 2578 fecisse
998 2523 1104 2599 putat
1122 2518 1250 2591 Con-tius

199 2598 239 2661 ad
254 2598 377 2662 Lucan.
405 2599 433 2673 1,
453 2596 526 2657 296.
1178 2602 1181 2609 ·

283 2722 312 2778 1.
337 2709 534 2798 significatio
551 2710 647 2774 huius
661 2712 808 2777 vocabuli
829 2714 977 2777 universa
993 2737 1066 2780 non
1084 2721 1130 2783 ad
1149 2722 1248 2809 ipsum

197 2798 327 2879 locum,
358 2799 476 2883 inquo
504 2798 581 2882 quid
604 2804 728 2884 agitur,
758 2800 812 2862 sed
834 2801 873 2863 ad
899 2801 1037 2864 actionis
1060 2813 1203 2894 tempus
1224 2820 1250 2872 et

198 2885 490 2971 consequutionem
510 2882 669 2947 retertur:
692 2885 785 2948 sicuti
801 2880 905 2948 αὐτίκα
914 2885 1152 2974 Graecorum,
1172 2897 1249 2959 Ger-

196 2992 375 3045 manorum
398 2966 461 3055 0111
485 2966 546 3037 cler
567 2968 680 3033 Stelle.
731 2969 789 3033 Est
811 2971 909 3056 igitur
930 2969 965 3033 id
992 2976 1086 3056 qnod
1115 3004 1159 3042 eo
1184 2982 1250 3065 ipso

198 3067 358 3142 tempore.
403 3053 445 3115 Et
462 3053 587 3139 siquae
604 3066 681 3137 sunt
698 3054 801 3136 dicta,
821 3055 989 3141 inquibus
1005 3059 1109 3125 locus
1129 3066 1249 3131 intelli-

105 3188 112 3193 -
196 3151 310 3229 gatar,
336 3139 481 3203 admixta
504 3150 552 3201 est
569 3142 727 3226 temporis
745 3147 854 3222 notio,
886 3151 921 3213 ut
940 3143 1052 3215 siben
1079 3157 1249 3236 tempore,

197 3222 271 3311 quo'
282 3226 353 3312 quis
372 3225 405 3287 in
421 3223 533 3287 locum
551 3225 713 3311 ingressus
728 3227 786 3302 sit,
811 3230 866 3291 aut
883 3227 916 3291 in
933 3248 970 3290 eo
988 3238 1229 3313 permanserit.

292 3345 409 3417 ,Terent
426 3344 507 3396 Andr.
523 3344 548 3408 3,
564 3346 652 3410 2,-31.
679 3347 726 3397 not
748 3349 912 3399 intellexeras
934 3349 962 3400 id
981 3350 1139 3404 consilium·
1152 3343 1248 3424 inpete,

219 3450 223 3489 ;
263 3447 310 3482 cur
331 3447 385 3480 uon
407 3430 474 3480 dieti
498 3430 629 3498 externplo
648 3433 811 3498 Pamphilo?
843 3431 900 3484 Cic.
926 3450 952 3500 p.
982 3434 1063 3487 Ruso.
1081 3418 1210 3505 001110,
1225 3438 1247 3491 8.

200 3534 205 3545 ¹
240 3550 244 3555 -
261 3515 325 3582 quid
341 3515 513 3580 respoudeat,
528 3512 810 3584 uescit'‚·qniclfiugut
826 3519 968 3585 extemplo,
987 3535 1040 3568 nou
1050 3520 1148 3577 lubet.

245 3610 267 3651 ’τ
297 3614 467 3666 Plausum.
482 3613 508 3679 3,
522 3615 582 3695 llll.
600 3635 643 3670 un.
674 3616 743 3683 Quin
754 3590 1041 3699 Ι0111111011111011111ίί1
1060 3617 1110 3674 ris.
1137 3627 1248 3680 Gladius

241 3706 397 3752 :nouerat
554 3700 557 3705 ’
608 3702 611 3707 ’
715 3700 755 3721 ’“
793 3698 798 3709 ’
843 3692 899 3775 ⁹¹⁸
1091 3696 1194 3729 ‘¹'

238 3865 240 3869 Ι
298 3800 359 3853 Ltv.
379 3800 403 3865 1,
426 3800 468 3866 48,
490 3802 515 3853 1.
550 3784 615 3855 liuto:
632 3798 875 3856 erutioni'Seruius
900 3784 979 3873 suam
1005 3788 1197 3871 interuenisset
1210 3842 1250 3877 -,

261 3886 391 3953 extemplo
409 3905 426 3937 a
444 3886 568 3938 uestibulo
585 3887 673 3940 curiae
688 3906 791 3973 magno
811 3907 871 3942 uoce
892 3917 925 3973 ‘ss
940 3890 1040 3969 ¹i'uqru't.
1069 3892 1088 3945 i.
1108 3876 1150 3949 'el-
1164 3898 1250 3968 gleiclt

264 3987 309 4022 um
328 3971 482 4055 Eiugunge.
569 3980 573 3991 “
695 3979 698 3985 “
848 3980 851 3986 ’
937 3974 942 3983 ’

277 4074 310 4136 2.
338 4062 583 4166 Τ11111011011111ΙΙ
601 4094 674 4163 Pl‚0÷
691 4044 868 4181 0001111111»,
908 4075 981 4141 title
993 4062 1141 4191 gnoma
1160 4096 1197 4161 el
1217 4046 1248 4159 iu
