2618 4770
565 253 724 334 roure
1099 263 1162 345 osi

193 413 305 466 Sunion.
325 410 396 480 Aug.
417 411 443 466 6.
471 378 610 478 censorie
631 407 818 462 sustentandi
839 417 941 464 caetra.
974 400 1036 465 Iris.
1051 411 1098 480 -22,
1120 377 1177 471 to.

194 514 239 548 seu
247 493 334 565 forte.
351 496 444 547 dorrel.
463 496 532 546 vict.
548 493 583 544 de
598 492 654 546 Vir.
672 491 752 559 1111,
769 491 811 547 16.
829 511 874 546 seu
886 497 976 561 forte,
998 514 1044 550 ses
1058 493 1165 568 fraud,

192 582 334 649 perierunt.
370 579 418 630 ubi
437 578 479 630 vd.
495 578 622 630 Arutuen.

227 681 324 735 Vellei.
337 684 397 736 Pul.
411 681 437 746 2,
454 680 497 746 66,
511 679 537 734 5.
556 680 621 744 loon,
639 679 680 730 oel
689 682 779 745 forte,
804 680 844 731 oel
858 680 1040 748 prouidentia,
1065 684 1107 736 uel
1120 691 1163 738 ut·

193 784 299 835 eumque
319 767 484 820 constitutum
504 782 592 818 rerum
615 771 728 816 naturae
748 782 847 831 eorpus.
881 765 951 816 Plin.
965 765 1032 818 Pan.
1046 766 1072 831 1,
1087 767 1113 820 4.
1133 772 1168 822 ao'

131 911 134 916 .
192 852 217 902 si
231 852 318 903 arllouc
332 851 439 904 dulium
446 850 627 916 suissetsocto
641 866 751 917 casuque
772 856 884 901 rectores
900 850 1004 914 terris.
1018 868 1054 903 au
1075 853 1163 921 aliqua

192 936 298 987 numine
311 937 447 988 darentur.
484 933 575 985 Tacit.
598 932 666 984 Anu.
688 930 715 996 6,
738 930 781 983 22.
807 932 852 983 sed
875 934 940 985 milri
959 935 1024 986 daeo
1047 941 1073 988 et
1095 939 1165 990 tolia

193 1021 313 1089 audienti
326 1021 355 1071 iu
370 1019 466 1070 lacerto
481 1017 606 1069 iudicium
616 1024 675 1081 est,
687 1010 789 1085 fatone
803 1032 846 1067 res
859 1016 1008 1068 mortalium
1022 1025 1048 1071 el
1057 1025 1166 1074 aramei-

192 1111 248 1155 tate
268 1102 442 1164 immutabili,
467 1119 504 1153 au
515 1103 589 1167 forte
605 1097 752 1153 volvantur.
794 1098 887 1150 Aurei.
903 1097 972 1152 Vict.
988 1100 1022 1152 de
1037 1102 1108 1157 Viris
1123 1105 1164 1160 ill,

193 1187 219 1251 2,
234 1185 260 1238 8.
285 1193 311 1238 ct
328 1187 453 1238 exercituo
475 1203 520 1251 eeu
535 1180 613 1254 forto
632 1201 677 1234 seu
697 1183 823 1235 diviuitas
841 1182 962 1235 restitit..
980 1183 1079 1238 Accius
1094 1191 1166 1256 apud

194 1270 262 1324 Nou.
276 1270 364 1322 disce.
379 1266 405 1334 5,
421 1268 462 1321 15.
482 1287 531 1338 quo
549 1275 640 1337 eaptus
654 1269 745 1332 morlo,
764 1269 912 1332 fortuitane
929 1284 965 1318 aa
975 1263 1053 1336 forte
1067 1274 1166 1339 reperi-

116 1348 121 1355 ’
193 1364 244 1408 tur.
279 1352 400 1407 Lucilius
424 1351 541 1404 ibidem:
567 1359 615 1404 aut
633 1347 711 1421 forte
735 1351 840 1402 omniuo
861 1358 909 1403 out
922 1344 1044 1418 fortuma
1063 1344 1165 1409 uincere

116 1433 130 1511 Ἰ
175 1439 268 1503 ¹dello.
300 1434 390 1507 vulgo
414 1455 445 1490 ao
454 1430 605 1503 fortuma.¹
1044 1433 1047 1437 “

178 1564 181 1571 ·
228 1533 780 1606 1111111111.1,2,51.][ονΐε]ον1ιιπα
801 1531 895 1605 adfuit
912 1537 1040 1591 ltio'meus
1056 1541 1163 1596 umieur.
1205 1528 1208 1533 ¹

193 1624 228 1677 ci.
245 1626 357 1677 Phoron.
373 1622 437 1689 5‚o,
451 1624 476 1676 1.
502 1623 593 1675 Plane
609 1620 709 1685 11111,
724 1618 807 1685 ulo.
832 1622 941 1675 Bacch.
955 1619 981 1686 1,
995 1620 1021 1686 8,
1036 1621 1078 1677 15.
1107 1625 1163 1678 (lic.

193 1708 226 1759 de
240 1708 302 1761 niv.
318 1706 344 1772 2,
357 1707 384 1773 i,
398 1705 440 1761 18.
458 1707 573 1775 quidest
588 1705 704 1770 taudem,
719 1705 787 1772 quod
802 1723 865 1763 caso
871 1707 937 1773 fieri
952 1713 1001 1757 aut
1010 1701 1090 1775 forte
1096 1705 1164 1778 for-

193 1799 260 1845 tuna
274 1782 417 1861 putemus?
435 1788 495 1845 Liv.
512 1789 538 1853 1,
553 1785 628 1853 tua.
641 1791 715 1855 forte
732 1789 773 1840 ita
786 1791 929 1855 ceciderat,
946 1791 1164 1848 meduooiolentu

192 1877 303 1946 ingenia
313 1875 479 1928 matrimonio
493 1874 682 1941 iungerentur,
695 1874 825 1937 fortuma,
838 1875 936 1939 ¹eredo,
948 1875 1041 1941 populi
1053 1881 1162 1932 romani.

192 1960 294 2013 Ennius
309 1960 380 2028 apud
393 1959 515 2013 Macrob.
532 1955 558 2021 (i,
570 1955 595 2009 2.
614 1964 640 2010 et
660 1974 750 2011 rursus
771 1957 869 2009 multae
880 1952 1014 2027 fortunae
1027 1961 1101 2025 forle
1122 1981 1164 2016 re-

127 2064 134 2078 2
194 2047 324 2097 cumbunt.
420 2055 421 2058 ’
511 2056 521 2065 ’”

228 2145 289 2196 Liv.
305 2144 331 2207 1,
347 2141 372 2207 4,
387 2142 412 2194 4.
425 2137 503 2210 forie
518 2139 631 2207 quadam
647 2138 774 2191 diuinitus
789 2156 870 2211 super·
883 2141 957 2209 ripas
974 2143 1073 2205 liberis
1088 2141 1167 2213 effu..

193 2244 236 2279 suo
250 2226 351 2278 leuibus
372 2225 484 2294 stagnis.
521 2224 654 2274 Gruterus
678 2221 793 2274 coniecit
808 2241 845 2276 aa
862 2220 996 2275 diuinitus.
1032 2227 1165 2287 811101·-

165 2332 167 2337 .
192 2309 292 2362 tuitum
325 2314 452 2361 eventum
465 2305 581 2370 junius
611 2305 645 2359 ud
674 2307 795 2359 divinam
826 2306 961 2375 originem
986 2308 1081 2363 refert.
1109 2312 1165 2367 vio.

196 2394 315 2445 Gronov.

210 2500 241 2558 2.
266 2495 521 2581 Componuntur
541 2492 637 2556 verbu
653 2491 749 2584 sorte
766 2504 889 2556 temere
914 2491 1035 2581 duplici
1050 2497 1164 2578 modo,

125 2589 165 2642 nl
183 2600 300 2643 eorum
319 2579 455 2666 quodvis
481 2578 678 2662 singularem
703 2579 874 2643 notionem
920 2589 1106 2658 raeslet‚‘et
1129 2594 1167 2648 ut

128 2676 306 2750 utrumque
337 2675 428 2729 coeat
460 2664 495 2727 in
520 2685 621 2726 unum
650 2665 833 2729 notionem.
876 2601 918 2728 ei).
944 2665 1094 2730 Gronov.
1121 2669 1166 2733 ad

126 2752 197 2815 Liv.
217 2755 266 2829 10,
283 2751 335 2831 43,
354 2756 404 2814 12.
434 2749 610 2813 Ruhnken.
633 2748 674 2812 ad
705 2749 842 2812 Terent.
868 2749 1166 2832 Phorm.5‚1,.30.

127 2836 213 2899 Haec
231 2857 307 2899 vero
326 2846 373 2899 est
391 2846 530 2914 temere,
551 2835 620 2897 sine
642 2834 808 2914 consiliu.
827 2843 857 2897 el
880 2856 975 2921 saepe
998 2838 1094 2900 etium
1119 2838 1166 2919 id,

130 2919 221 3004 quod
261 2920 403 3007 simplici
433 2917 525 3006 forle
571 2919 783 3005 exprimitur:
856 2941 914 2982 nac
953 2940 1063 2986 caussa
1096 2935 1167 2989 erat

127 3005 338 3087 Bur-manno,
369 3015 406 3069 ut
423 3005 467 3066 ud
488 3004 622 3067 Sueten.
652 3007 734 3088 Aug.
761 3008 811 3068 10.
833 2942 954 3068 (irrisum
976 3008 1167 3095 conciperet

150 3092 330 3154 lossernatis
370 3089 604 3176 suspicionem.
678 3089 749 3153 lam
787 3089 967 3154 Priscianus
1003 3116 1038 3180 p.
1073 3099 1166 3161 1016.

121 3114 273 3264 derisisse
297 3186 410 3240 aulem
426 3187 457 3238 el
466 3172 631 3261 fortassis
682 3197 720 3238 ro
744 3184 878 3239 temere.
906 3196 1002 3263 quem
1020 3183 1167 3264 sequitur

128 3261 345 3347 Oudendorp.
372 3261 411 3324 ud
426 3260 553 3348 Apulei.
582 3195 680 3344 Apud
694 3281 728 3347 p.
747 3260 820 3323 515.

233 3380 290 3432 Cic.
308 3379 341 3430 de
356 3380 425 3431 Fato
439 3379 465 3445 3,
481 3378 506 3433 6.
534 3381 557 3432 si
577 3375 636 3448 fati
657 3382 761 3432 omniuo
782 3380 884 3431 mullum
897 3396 1005 3447 nomeu,
1027 3384 1104 3437 nullu
1115 3404 1166 3440 su.

197 3471 275 3528 tura,·
287 3465 368 3516 *uuila
383 3465 422 3516 oio
436 3473 515 3529 esset,
536 3459 664 3535 etforte,
682 3471 792 3530 temere,
812 3481 874 3517 casu
883 3473 931 3518 aut
936 3467 1061 3537 pleraque
1065 3471 1167 3540 fierent

196 3557 245 3602 aut
258 3549 353 3600 ommia.
883 3568 886 3575 ·

165 3714 167 3719 ,
232 3650 342 3702 Terent.
357 3651 408 3704 Ph.
421 3647 450 3714 5,
466 3649 492 3714 1,
505 3648 547 3703 86.
568 3667 645 3719 pram
661 3667 737 3719 saepe
753 3642 934 3720 forteiemere
946 3657 1083 3722 eueniunt,
1100 3675 1168 3726 quoe

129 3748 132 3753 ·
195 3750 248 3785 uon
263 3735 363 3787 audeas
378 3742 476 3805 optare.
510 3733 569 3787 cto.
587 3735 621 3786 de
634 3734 696 3788 niv.
712 3735 738 3801 2,
754 3733 797 3799 68,
812 3734 872 3790 111.
891 3739 943 3790 miei
955 3739 1007 3791 istu
1023 3757 1086 3792 casu
1100 3760 1167 3795 ooo-

197 3835 338 3888 uumquam
345 3822 418 3886 forle
432 3825 526 3870 temere
540 3826 728 3873 concurrerent.
762 3819 902 3876 Editiones
918 3829 1053 3883 commoto
1064 3824 1167 3881 hubent

196 3902 363 3970 interposita.
404 3901 464 3954 Liv.
484 3899 530 3965 23,
544 3901 577 3966 ’3,
604 3902 629 3955 3.
665 3922 711 3956 uer
734 3906 876 3973 quidquam
901 3907 1001 3975 raptim
1027 3898 1167 3979 uutfforte

131 4001 134 4007 ·
151 4006 153 4010 ’
187 3988 291 4041 leiuere
305 3987 421 4058 egeritis.
446 3984 547 4051 ruse,
562 3986 605 4040 12.
626 3986 723 4052 suls,
733 3988 774 4040 11.
795 3987 837 4054 41,
845 3989 871 4053 2,
879 3988 905 4043 7.
930 3991 1005 4043 Cart.
1021 3988 1104 4057 uu,
1122 3994 1165 4048 lu

168 4078 172 4083 '
197 4075 289 4141 nuilus
300 4068 378 4140 dorla
394 4078 495 4125 umero
519 4072 638 4125 humanu
659 4073 768 4143 aegoliu
789 4075 858 4127 ooloi
878 4076 928 4146 agi
946 4092 1101 4146 persuasum
1118 4084 1165 4133 est.
