2618 4770
114 214 215 317 204⁵
603 233 675 309 on.

110 403 232 494 primo
254 406 363 465 nocte.
406 394 490 479 diii,
512 396 630 488 quibus
658 416 767 485 nuper
789 394 999 485 Boettigeru's
1022 392 1167 480 accessit,

114 489 352 558 intellexerunt
367 480 455 547 diem
474 495 721 573 consumptum,
742 493 797 567 ut,
822 485 880 571 qui
897 484 939 548 de
955 482 1165 571 disputaret,

114 573 316 663 tempestivo
342 570 492 636 convivio
508 570 672 636 diceretur
687 570 892 657 aliquantum
908 570 1101 658 corpere'de
1116 569 1166 635 die

114 660 302 750 negotioso.
358 656 459 736 Quod
489 658 676 745 speciosum
710 664 944 744 argumentum
970 652 1090 735 follit,
1108 676 1165 720 nec

140 749 278 814 uadrunt
304 744 417 809 omniu
444 744 606 831 exemplo.
656 742 747 825 Quid
772 744 861 809 enim
891 742 1028 806 dixisset
1059 741 1161 807 Plnut.

114 775 264 913 dein-..Q
277 837 320 908 -1,
337 835 389 895 18.
414 851 498 918 crgo
513 852 584 894 uno
605 853 692 917 pore
718 829 889 895 orationis
911 826 954 892 dc
983 827 1041 893 die
1065 826 1162 892 datt-

114 934 172 988 ων
192 914 305 984 nuti?
344 914 513 982 Dcenim
543 917 666 981 indicat
688 925 829 981 tractum
857 915 1037 1001 temporis,
1053 932 1160 1001 quem

115 1008 209 1094 quusi
223 1004 415 1090 sequimur,
439 1013 538 1088 utque
553 1000 717 1067 formulae
731 1001 775 1066 de
790 1001 867 1080 dis,
890 999 935 1065 de
949 1012 1048 1065 nocte
1062 1000 1159 1087 signi-

114 1094 217 1159 ficent
238 1112 316 1155 com
331 1088 437 1175 -Togc
451 1090 551 1168 Jrer,
571 1088 780 1174 procedente
809 1086 885 1166 die,
909 1108 946 1172 p.
968 1099 1088 1150 nocte:
1116 1086 1157 1149 im

114 1177 231 1266 Lause
246 1176 306 1243 des
325 1173 452 1262 Tegee.
495 1174 595 1254 Quod
619 1173 691 1238 sere
709 1173 799 1239 idem
825 1182 874 1237 est
888 1172 977 1258 quod
990 1172 1080 1254 dic,
1099 1194 1156 1236 oc-

114 1279 186 1331 ctc:
217 1286 276 1328 cm
300 1260 354 1326 Ta
382 1284 419 1342 c,
448 1260 487 1324 io
515 1258 579 1325 der
598 1256 725 1326 Nocte.
776 1258 834 1323 Dc
854 1257 972 1323 medio
991 1270 1093 1323 nocte
1117 1266 1157 1322 est

112 1363 270 1439 tempore
291 1284 428 1411 medice
444 1344 565 1411 noctis.
617 1343 865 1410 Interdum··dc
890 1342 970 1425 -dic,
998 1344 1044 1410 de
1068 1354 1156 1410 nocte

114 1438 205 1507 idem
221 1431 405 1527 significent
421 1430 511 1517 quod
528 1453 596 1519 per
611 1431 720 1515 diem,
737 1452 805 1518 per
821 1440 964 1495 noctem.
1147 1434 1151 1441 '

95 1650 100 1657 ,
167 1614 172 1623 ·
217 1588 396 1657 Bocttigcrus
412 1584 482 1639 dixit
494 1585 529 1639 du
543 1586 598 1640 hac
611 1604 644 1640 rc
657 1585 687 1641 in
699 1586 817 1641 Libonis
830 1584 996 1656 vespertinis
1017 1580 1158 1639 lii-eedem.

181 1674 262 1731 1839.
276 1692 304 1727 ιι.
316 1670 343 1725 5.
366 1670 414 1725 ubi
436 1670 527 1739 addit,
542 1671 664 1733 ‚notent
682 1674 770 1727 verbs
793 1675 885 1729 Cum.
907 1672 944 1739 1,
964 1668 1059 1736 11,8.
1086 1684 1165 1739 corps

177 1762 254 1819 dicus
273 1775 307 1811 ex
323 1755 541 1821 eedemretinuc
556 1755 611 1810 dici
630 1756 664 1809 de
680 1764 759 1826 perte
776 1756 914 1827 negotiosi
933 1755 990 1809 dici
1009 1754 1164 1833 corpnodsz

181 1843 256 1913 quod
272 1842 407 1913 quomodo
426 1858 488 1894 cum
511 1842 673 1895 Leuconoe·
690 1843 750 1903 vitu
770 1842 945 1908 convenerit,
962 1840 1094 1910 equidem
1111 1852 1176 1890 non

179 1926 329 1996 perspicio.
367 1925 485 1993 Femiue
510 1920 607 1995 carpit'
626 1926 698 1979 diem
725 1926 785 1994 sic,
825 1928 866 1983 uti
890 1929 974 1981 tiores
1001 1931 1032 1979 et
1058 1926 1176 1993 fruges·

178 2010 329 2066 Lambinus
355 2010 390 2063 ud
412 2012 513 2063 Horat.
535 2009 622 2079 Epist.
644 2009 790 2077 1‚t‚88.
818 2015 851 2067 dc
873 2016 1020 2081 occeperat
1037 2026 1090 2079 pro
1111 2007 1176 2061 nii*

179 2106 282 2165 quantu
307 2101 377 2165 pust
405 2096 554 2149 Burmann.
579 2097 615 2149 ed
636 2096 755 2150 Phucdr.
777 2097 811 2163 u,
827 2099 878 2165 19,
894 2098 938 2151 29.
955 2098 989 2149 de
1014 2100 1092 2147 nodo
1105 2092 1176 2155 ‚do‘

140 2198 147 2207 ·
181 2177 278 2236 uiseret
297 2186 394 2235 uetere
419 2197 473 2233 nou
494 2178 614 2248 primum
639 2186 688 2233 not
708 2184 833 2250 quumvis
856 2190 965 2252 portem
984 2179 1089 2244 noctis,
1115 2172 1176 2231 se!

179 2266 312 2327 mediam.
348 2264 429 2333 Quod
442 2264 577 2333 quomodo
591 2264 688 2331 tieret,
707 2283 762 2319 non
776 2269 1019 2321 dmonstroverut
1055 2266 1176 2335 Tamen

179 2349 326 2405 Ernestiuu
338 2348 368 2402 iu
392 2348 473 2403 clevi
490 2348 548 2402 cte.
567 2366 594 2417 p.
609 2347 669 2403 439.
688 2351 720 2403 dc
734 2361 808 2407 node
824 2370 884 2405 esse
903 2350 1045 2422 exposuit,
1068 2349 1176 2405 sntio·

180 2452 201 2491 a
214 2434 306 2488 media
320 2441 416 2499 nocte,
435 2450 484 2487 seo
498 2434 585 2485 multu
600 2434 689 2486 adhuc
707 2443 807 2501 nocte,
827 2439 860 2489 dc
875 2438 919 2490 dic
941 2454 1001 2489 esec
1025 2434 1121 2491 entim
1143 2451 1176 2489 ο.

180 2518 310 2593 meridie.
353 2518 443 2583 Quem
464 2519 611 2572 Ruhnken.
633 2518 801 2585 red-Terent.
822 2521 873 2575 Ad.
894 2519 928 2587 5,
950 2521 968 2574 9
975 2560 984 2589 ,
1006 2519 1054 2597 55,ι
1069 2526 1100 2575 et
1113 2519 1162 2573 uti

180 2602 263 2666 multi
280 2600 388 2669 sequuti
404 2607 480 2655 sunt=
499 2620 667 2671 quemquem
679 2604 789 2659 medice
803 2606 892 2659 noctis
905 2606 1012 2660 nullum
1027 2604 1107 2665 adest
1119 2604 1160 2657 iu·

180 2689 292 2742 dicium.
327 2685 384 2739 Sed
398 2687 540 2741 Bentleius
559 2689 668 2742 disertis
681 2691 775 2743 verbis
798 2691 833 2745 ud
853 2692 952 2745 Horat.
970 2688 1059 2759 Epist.
1074 2689 1100 2754 l,
1116 2689 1158 2754 18,

179 2773 224 2829 91.
247 2772 337 2824 media
354 2770 388 2823 de
409 2779 483 2823 nocte
498 2772 561 2825 fleri
583 2771 639 2839 nit,
663 2790 717 2826 nou
736 2775 809 2843 quod
828 2792 861 2828 eo
881 2791 967 2843 usque
989 2773 1158 2842 producitur,

128 2848 140 2897 '-
181 2850 231 2914 sed
249 2857 322 2926 quod
340 2859 399 2907 tum
414 2854 534 2924 primum
548 2856 687 2925 incipitur.
721 2859 871 2928 Vtrumque
887 2859 988 2911 salsum
1012 2863 1061 2910 est.
1096 2857 1159 2909 Sol·

178 2945 289 3008 mosius,
304 2958 386 3011 qoem
400 2942 524 2994 referunt
537 2940 665 2995 udSolin.
683 2940 778 3011 putu.
794 2942 904 3009 dixisse,
922 2945 954 2995 dc
971 2942 1158 2995 diciotcrdum

181 3048 241 3084 csse
264 3028 348 3080 etiam
369 3028 387 3080 α’
407 3043 504 3090 manc,
522 3023 594 3078 nihil
615 3026 649 3078 dc
671 3028 725 3079 huc
744 3044 785 3085 rc.
821 3027 983 3080 Censorinus
1002 3027 1073 3097 quod
1091 3027 1158 3081 dicit

180 3115 214 3165 de
226 3112 279 3164 Dic
294 3116 349 3163 net.
364 3109 426 3163 24:
443 3119 559 3179 tempus,
578 3112 648 3178 quod
664 3112 767 3165 medice
790 3113 862 3164 cocti
872 3115 1022 3185 proximum
1041 3120 1094 3179 cet,
1112 3130 1157 3165 co-

178 3204 256 3251 cosor
270 3198 302 3248 dc
321 3196 409 3248 medio
424 3202 505 3248 nocte.
524 3194 635 3248 nonita
656 3196 846 3267 accipiendum
862 3202 919 3262 est,
938 3196 1017 3266 quusi
1039 3196 1076 3251 sit
1092 3194 1157 3251 indo

178 3268 303 3337 umcdiu
318 3284 406 3344 nocte,
421 3279 469 3331 scd
479 3296 529 3349 per
543 3288 607 3332 enm
619 3280 707 3335 noctis
721 3292 837 3351 purtem,
856 3299 927 3351 quac
943 3282 1061 3336 emedio
1077 3288 1157 3337 nocte

179 3371 221 3418 est
236 3364 271 3418 od
286 3362 466 3432 gallicinium.
488 3364 580 3415 'Recte
596 3362 684 3434 igitur
696 3366 833 3419 Gesner-ue
844 3366 872 3419 in
887 3366 971 3419 Thes.
989 3367 1024 3422 T.
1036 3366 1063 3423 2.
1079 3385 1106 3437 p.
1115 3366 1167 3421 12'

177 3451 237 3516 „dc
262 3466 324 3499 cum
340 3449 493 3500 nominibus
512 3449 643 3517 temporis
658 3449 811 3519 significat,
828 3451 896 3503 illud
910 3456 1017 3520 tempus
1037 3452 1158 3507 nondum

176 3536 259 3605 pluuc
281 3534 454 3586 effluxissc.“
487 3532 520 3584 ld
542 3535 737 3589 animadvortit
757 3508 893 3589 dietthiue
912 3537 947 3589 od
963 3536 1020 3590 Cic.
1039 3555 1067 3605 p.
1078 3538 1156 3617 ‘Mur-

175 3618 227 3684 19,
242 3619 284 3671 22.
313 3619 348 3671 ci.
373 3617 512 3671 Drakenb.
533 3619 568 3670 ud
584 3619 655 3673 Ην.
672 3619 769 3686 ma,
787 3619 829 3672 15.
855 3620 903 3673 ubi
927 3622 1077 3691 legendum
1098 3626 1155 3675 ests

176 3706 267 3757 consul
283 3703 368 3755 oricus
382 3701 414 3752 de
431 3708 521 3753 nocte:
540 3709 568 3754 ct
583 3704 754 3770 Oudendorp.
772 3704 806 3756 ud
821 3704 897 3759 Suet.
916 3707 995 3774 vesp.
1011 3705 1055 3757 21.
1083 3706 1155 3758 Bre-

177 3789 225 3842 mi.
249 3789 283 3841 ed
299 3787 374 3840 Suet.
390 3787 450 3839 Oct.
466 3784 509 3839 97.
543 3788 700 3859 Herzogins
713 3787 748 3843 ud
764 3790 843 3845 Caes.
855 3791 889 3845 B.
905 3808 932 3864 g.
949 3791 1028 3857 1,12.
1043 3787 1155 3849 miscuit

176 3873 271 3940 uarius
292 3870 425 3925 notiones.

211 3999 324 4051 Terent.
340 3999 389 4052 Ad.
405 3996 440 4065 5,
455 3997 489 4062 8,
504 3994 547 4050 ut.
568 4004 680 4050 ceterum
694 4016 741 4055 rus
755 4019 815 4055 cros
839 4020 896 4056 cum
907 4002 970 4069 filio
994 4019 1053 4055 cum
1065 4002 1165 4071 primc'

178 4083 389 4145 imitatrice.
419 4082 585 4151 nasim)
605 4084 639 4139 dc
661 4090 734 4143 nocte
757 4104 852 4143 censeo.
880 4085 899 4141 i.
917 4104 940 4143 c.
965 4090 1032 4145 occis
1056 4088 1086 4143 in
1105 4088 1155 4143 dcc
