2618 4770
366 256 384 311 -'
415 257 597 326 casva.
628 258 786 325 ,cisse
839 270 845 287 ²
1107 274 1130 333 7

64 422 205 479 vacuum
225 420 344 492 notat,
368 413 575 479 reconditam
596 412 758 482 videmus.
804 413 974 483 Curatum
995 405 1127 507 dicitur,

63 500 155 588 quod
180 520 328 562 uacuum
351 499 564 581 estfactum,
594 522 748 583 cussum,
776 501 870 588 quod
901 515 1125 587 1111111111,

64 585 162 650 sicuti
179 584 335 649 1111111111
355 595 388 650 et
406 585 534 668 laesus,
544 581 648 674 fatus
659 586 676 669 ,’
688 584 871 676 subigatur
887 600 921 655 et
926 587 1044 679 scaeua
1057 590 1124 656 dis.

67 671 186 736 ferunt.
229 671 363 735 -Liuera
379 670 422 736 V
438 673 548 736 omitti
563 683 714 761 poterat,
738 675 863 761 quippe
884 697 969 763 quae
984 676 1125 743 auxilia·

69 759 110 822 ria
128 768 233 835 esset,
263 767 302 821 ut
322 758 358 821 iu
383 758 479 835 luco,
503 780 626 839 novus,
650 760 731 824 oria.
780 761 832 824 Ab
856 762 972 827 eadem
986 765 1124 850 'origine'

67 842 234 907 descendit
265 848 380 908 aureo.
434 843 584 908 Caecum·
600 844 701 932 igitur
716 845 963 931 significat-id,
976 852 1030 917 'iu
1052 870 1121 937 quo

62 940 115 992 aut
129 929 219 993 nihil
244 939 314 1007 est,
336 941 394 993 aut
410 950 492 994 non¹
508 931 612 1011 ineat,
632 930 725 1015 quod
749 933 856 997 inesse
877 931 986 999 debet.
1029 935 1123 1001 Neu·

61 1026 149 1078 trum
168 1037 235 1102 pro
252 1014 408 1079 adverbio
421 1014 574 1104 ponitur,
599 1017 882 1101 quemadmodum
895 1019 1039 1084 dubium
1053 1045 1121 1087 au-

59 1101 134 1164 uuit
161 1099 252 1188 apud
284 1099 426 1165 Statium
457 1101 738 1179 Τ11111.,10,134.
769 1115 946 1170 ueternum
970 1105 1121 1173 atridem

62 1193 97 1266 1,
124 1186 203 1251 599.
256 1184 311 1249 Sic
339 1186 421 1251 dixit
446 1187 569 1251 Seneca
592 1186 690 1251 Herc.
720 1187 796 1252 Oet.
820 1191 895 1255 352.
926 1192 1010 1278 quid
1040 1193 1120 1280 ipsu

59 1270 228 1357 duramus
237 1273 363 1359 pascis
372 1283 413 1353 ¹et
428 1284 561 1349 rustum
569 1268 667 1361 seges
681 1273 776 1345 ultra
798 1272 952 1349 dolorem
967 1277 1122 1357 misera?

59 1357 144 1445 quid
166 1356 448 1443 cussum-tiriaca?
486 1358 548 1423 Est
572 1360 794 1441 accusativus,
816 1361 908 1427 cuius
926 1384 969 1426 ex
993 1362 1115 1430 licendi

59 1444 224 1508 auxilium
239 1440 312 1529 uun
337 1452 489 1532 petamus
511 1468 530 1509 1
553 1445 803 1533 praepositione
826 1445 883 1528 ira,
906 1457 945 1513 ut
964 1384 1119 1515 doeder-

58 1530 129 1610 lino
159 1531 313 1615 videtur,
343 1518 401 1595 sed
427 1538 556 1615 coastat
585 1551 644 1594 sua
671 1530 683 1595 i
707 1533 916 1619 seratione,
952 1535 1120 1621 quaeest

61 1616 290 1701 directionis,
319 1614 398 1699 Ι11111
415 1637 610 1704 expressae·
628 1554 736 1695 uerbis
759 1617 798 1681 in
829 1639 976 1684 cassum.
1030 1619 1118 1687 Hine

60 1702 186 1786 glossae
220 1702 300 1790 Cyr'
316 1700 341 1767 li
367 1698 485 1787 μάτην,
502 1699 665 1790 frustra,
696 1701 941 1791 nequidquam,
971 1727 1120 1773 caseum..

58 1787 114 1869 ubi
138 1786 425 1873 MartiniusdTst.
452 1811 486 1876 p.
503 1792 556 1854 39.
588 1787 824 1887 corrigendum
848 1800 959 1855 censet
982 1791 1021 1856 in
1039 1814 1126 1877 cuae·

59 1896 144 1939 surra.
166 1874 211 1939 Et
218 1884 311 1949 recte
320 1873 455 1961 quidem
472 1895 609 1940 cassu-m
626 1883 660 1939 et
674 1897 713 1938 eu
726 1896 863 1938 caseum
876 1875 944 1941 acci
971 1875 1038 1940 itur
1052 1878 1120 1965 pro'

59 1960 219 2041 inaniter,
247 1958 318 2037 sirie
338 1959 466 2033 effectu.
508 1959 562 2024 Ita'
574 1958 790 2048 componitur
805 1982 883 2026 cum
893 1898 1012 2044 uerbis,
1055 1983 1118 2029 uae

60 2056 190 2111 motum
210 2046 247 2109 in
269 2046 397 2133 agendo
421 2043 625 2130 significant:
649 2047 687 2111 iu
711 2068 846 2110 cussum
868 2045 993 2112 cudere
1010 1985 1116 2115 Piaut.

61 2133 157 2196 Poen.
183 2136 279 2211 1‚2,
301 2131 374 2195 147.
404 2128 557 2197 recidere
581 2131 744 2203 Columel.
768 2132 807 2207 4.
826 2138 866 2213 3,
883 2132 915 2198 5.
950 2132 988 2198 iu
1012 2157 1041 2198 c.
1063 2135 1116 2200 ire

59 2217 177 2281 Lucan.
198 2223 238 2293 2,
255 2221 331 2282 263.
353 2226 426 2281 tum
449 2215 646 2281 transfertur
672 2216 714 2280 ad
740 2238 985 2304 quamcumque
1006 2219 1114 2284 actio·

60 2326 156 2383 nem,
175 2300 266 2385 uude
284 2303 368 2373 icc.
393 2325 499 2389 agere
522 2302 662 2365 Sallust.
677 2302 770 2366 Orat.
788 2300 893 2368 Macri
913 2309 963 2368 11.
981 2327 1016 2391 p.
1036 2309 1112 2371 970.

60 2388 150 2453 Cart.
176 2389 351 2455 incassum
359 2384 460 2487 fluit
483 2387 600 2475 virgil.
624 2388 747 2473 Georg.
769 2392 900 2468 3,100.
930 2399 968 2452 ut
991 2388 1112 2454 Statius

59 2473 165 2539 Theb.
183 2474 225 2551 4,
248 2477 323 2541 533.
351 2497 458 2547 ruane
480 2470 618 2561 fureres.
643 2472 817 2537 incussum
847 2473 973 2541 missae
989 2497 1113 2623 quecea

60 2560 124 2627 biv.
141 2566 181 2641 2,
197 2560 258 2641 49,
274 2563 305 2627 8.
326 2560 502 2627 incussum
517 2558 684 2633 dieaerere
699 2558 806 2623 Tacit.
829 2563 916 2623 Anu.
934 2564 972 2643 1,
1011 2603 1021 2624 .

165 2671 210 2725 Aa
224 2670 325 2741 Virgit.
347 2672 415 2741 Aea,
435 2670 470 2736 ’1,
485 2668 547 2724 421.
559 2674 612 2745 Ι111
628 2668 761 2727 1111111111
775 2672 855 2735 fusca
870 2670 975 2738 patiere
995 2671 1110 2735 1111111.

70 2816 74 2823 ,
120 2754 236 2811 Servius
258 2758 345 2811 baec:
363 2756 430 2813 dicit
444 2763 547 2821 autem,
565 2762 596 2809 ut
616 2762 657 2808 tat
672 2754 714 2806 tui
733 2753 837 2807 luderes
849 2755 1006 2820 funduntur
1023 2757 1112 2807 iacue-

120 2858 196 2906 mm,
214 2841 244 2895 id
258 2849 313 2906 111,
331 2841 362 2893 ia
374 2840 481 2893 irritum
499 2836 609 2895 cudunt.
651 2839 787 2905 incussum
800 2846 889 2891 cutem
906 2846 1022 2897 tractum
1040 2845 1078 2891 eat
1091 2856 1112 2893 1

118 2926 252 2997 meritae,
279 2926 310 2983 ia
329 2925 509 2992 1111111111.
543 2925 590 2982 lta
611 2939 683 2998 quae
703 2923 829 2979 derivata
845 2926 1009 2991 suut,..1ua
1033 2921 1110 2975 fante

119 3010 281 3071 habentur.
311 3058 329 3067 ..
879 3013 882 3017 ’

134 3128 260 3192 Vtrum
283 3128 450 3193 inunum
473 3122 614 3191 verbum
645 3118 864 3210 coniungatur
891 3121 1109 3272 praequositio,

59 3236 93 3279 aa
110 3226 265 3279 seorsum
282 3212 466 3294 scribatur,
487 3231 608 3299 parum
629 3207 749 3290 refert,
772 3230 833 3273 aec
852 3206 949 3275 facile
992 3216 1109 3273 emori*

56 3301 150 3367 strari
182 3306 315 3388 potest,
349 3298 429 3388 quid
459 3298 675 3386 antiquorum
707 3296 913 3387 scriptorum
942 3300 1020 3363 usus
1050 3295 1108 3362 ad·

54 3388 196 3453 sciverit.
290 3394 294 3405 ’
322 3394 348 3409 “·
588 3400 590 3405 ·
715 3414 720 3421 -

93 3574 99 3581 ,
136 3495 263 3581 Cassa,
294 3494 385 3583 quod
410 3493 614 3560 Porcellinus
648 3492 751 3558 Tam.
772 3491 806 3556 4.
835 3513 871 3578 p.
896 3478 1114 3557 594..nesci0'

51 3582 140 3648 unde
160 3581 279 3664 affert,
298 3581 499 3647 vccabulum
521 3590 595 3644 erat
614 3578 778 3646 veteribus
801 3574 1027 3665 incognitum,
1049 3573 1108 3638 sed

50 3669 194 3734 fortasse
217 3668 258 3732 ab
273 3658 591 3753 Italis'usurpatam.
635 3664 746 3728 Etiam
770 3685 884 3739 cusae,
910 3659 1000 3748 quod
1021 3661 1107 3746 iegi-

49 3766 104 3820 tur
119 3742 211 3842 apud
226 3752 356 3817 Livium
375 3753 434 3834 24,
452 3757 512 3827 25,
530 3757 581 3815 10.
600 3750 732 3815 -ureraia
749 3746 889 3814 curibus
906 3746 1108 3847 animisque,

48 3864 146 3906 cusae
160 3860 205 3904 ne
220 3851 355 3925 tempus
376 3848 557 3920 tereretur,
571 3833 710 3924 ferrum
733 3833 899 3922 quosdam
921 3830 1107 3918 expediam

47 3939 98 3993 tes
122 3922 293 3991 cernebat.
313 3920 435 3989 frustra
456 3920 751 3988 Drakenborchius
776 3918 951 3985 defendere
976 3914 1107 3983 videtur

46 4010 272 4093 Ruhnkenio,
287 4009 348 4098 qui
361 4008 400 4071 iu-
409 4007 550 4075 Praefat.
566 4007 607 4074 ad
617 4006 777 4071 Schelleri
792 4007 875 4071 Lex.
889 4028 925 4104 p.
934 4005 1011 4070 508.
1022 4002 1105 4067 edit.

48 4093 468 4165 Friedemenmemendata
492 4094 620 4163 caereis
635 4091 775 4159 auribus
791 4091 991 4183 animaque,
1007 4087 1108 4178 quau
1144 4126 1146 4130 ·
