2664 4756
531 282 794 353 DVMTAXAT.
1125 291 1190 357 did

207 444 315 507 dicerer
336 462 387 519 ego
406 442 468 501 nero
486 447 537 500 nn
560 446 640 516 ipra,
664 457 733 511 qnae
755 441 801 495 oin
821 441 853 495 in‘
867 442 1017 512 gpmnmiio
1038 452 1064 500 et
1085 446 1115 499 in
1134 447 1189 501 otio

208 535 292 590 Stoici
301 534 434 602 prodant,
452 530 554 605 ,tudone
574 528 671 583 maiori
689 526 720 579 in
734 543 881 581 manuae
896 530 973 582 tneor.
1009 530 1189 586 Gerohnrdne

207 621 421 686 interpretatur:
437 615 463 671 ni
478 632 532 669 non
542 614 577 667 de
594 612 710 678 noterio,
726 611 826 666 saltem
839 611 874 665 de
888 614 1080 682 magnitudine
1093 617 1187 671 enimi.

207 705 262 759 Sed
278 702 368 773 optino
381 706 438 755 eet:
463 718 517 755 nou
530 699 592 754 nini.

215 890 219 897 Ι
244 816 573 887 crederemur-21.
598 819 663 889 qnid
684 819 780 872 attinet
801 816 941 873 interioris
962 821 1045 875 utiam
1063 822 1189 891 eeoepn'o·

206 926 265 963 nem
282 907 360 973 dari,
387 913 435 959 aut
451 904 698 975 pinguendinem,
724 902 784 971 qui,
809 920 888 971 quom
908 904 1039 958 lururioee
1060 905 1186 973 uiuerent,

207 1013 226 1047 n
239 1009 338 1045 ramma
351 990 508 1059 philosopho
527 1006 580 1039 non
594 987 847 1057 reprehenderentur
869 1007 898 1043 eo
920 990 1025 1043 nomine
1038 992 1187 1057 dumtaxat,

206 1084 294 1130 cetera
312 1081 442 1127 coement.
487 1073 578 1139 Quem
602 1070 695 1122 locum
717 1071 808 1124 critici
832 1071 903 1126 miro
920 1075 1002 1127 modo
1025 1080 1187 1143 traeternnt.

205 1162 260 1215 rid.
284 1160 419 1212 Goerenn.
449 1156 600 1209 Lambinus
618 1160 665 1207 aut
683 1156 708 1206 ei
728 1159 821 1223 modo,
848 1163 896 1211 aut
910 1160 1049 1211 dnmmodo
1064 1158 1187 1213 inseren-

137 1244 140 1251 '
205 1247 269 1299 dum
284 1244 608 1296 duxitnntevoe.eetera.
645 1240 765 1293 Orelliue
777 1242 912 1299 excidisse
926 1249 1005 1311 putet
1013 1245 1044 1296 ei.
1080 1246 1186 1299 Atreu-

204 1330 293 1384 tontia
308 1330 379 1380 bene
395 1343 424 1378 se
445 1327 530 1378 habet
552 1324 592 1378 ita
616 1327 802 1380 conformata:
831 1327 878 1396 qui
903 1327 1027 1394 quemvis
1048 1326 1187 1383 luxurihe

205 1415 346 1477 viverent,
370 1414 424 1464 hoe
442 1429 496 1463 nuo
519 1410 628 1463 nomine
652 1428 705 1463 non
726 1412 1009 1481 reprehenderentur,
1029 1411 1059 1464 in
1073 1414 1186 1482 reliquie

204 1519 222 1554 a
242 1499 455 1567 reprehensione
472 1496 532 1550 tuti.
570 1497 668 1548 Carere
690 1497 763 1549 enim
787 1502 829 1549 eet
850 1494 974 1565 effugere
995 1498 1187 1564 reprehensio-

206 1602 278 1637 nem.
317 1586 411 1637 Cetera
431 1584 471 1636 ita
486 1582 604 1650 positum
617 1599 671 1634 non
687 1599 755 1650 opus
769 1583 855 1635 habet
870 1581 1008 1651 particula
1022 1582 1184 1649 appositiva.

208 1671 243 1724 ud
259 1668 336 1736 Quin
352 1652 415 1736 post
428 1667 485 1720 red.
498 1664 524 1733 4,
538 1666 580 1719 le.
609 1684 688 1734 qnam
707 1669 730 1720 ir
748 1668 883 1733 inimicus,
907 1667 952 1735 qni
970 1667 1007 1718 od
1023 1662 1108 1720 meam
1121 1686 1185 1738 per·

205 1756 299 1807 niriem
324 1771 411 1807 ooeem
434 1768 510 1805 ruam
539 1752 716 1804 communibus
742 1753 860 1807 hostibus
883 1751 1061 1820 praebuisset,
1089 1754 1185 1819 spiritu

206 1841 347 1893 dumtaxat
362 1836 460 1891 oioeret
475 1872 483 1900 ,
505 1851 533 1888 re
545 1836 650 1904 madent
664 1836 741 1903 infra
763 1854 850 1891 omnes
866 1843 983 1892 mortuae
997 1837 1185 1890 amandandus

204 1931 277 1979 erret.

240 2027 382 2081 Interdum
405 2024 476 2080 haee
500 2024 639 2080 restrictio
662 2024 693 2080 iit
715 2045 777 2079 enm
799 2026 916 2097 quodam
938 2025 1121 2094 oppositione,
1155 2035 1186 2082 ut

202 2128 296 2166 senene
320 2112 373 2165 nite
397 2114 443 2165 ned
458 2118 582 2165 tantum'
608 2114 703 2164 Celsos
723 2111 748 2177 5,
769 2111 812 2175 26,
834 2110 878 2163 24.
907 2112 936 2162 ire
956 2112 1096 2162 aaronitae
1118 2112 1186 2164 nidd

203 2198 358 2249 monendam
373 2203 427 2261 ost,
452 2188 543 2249 nisisi
557 2199 620 2266 quid
636 2205 683 2249 ant
701 2216 731 2249 en
744 2198 874 2260 iocinore,
887 2202 947 2246 aot
962 2195 1044 2257 liene,
1062 2202 1111 2245 aot
1122 2198 1186 2263 pul-

204 2298 279 2332 mone
294 2270 435 2334 dumtaxat
449 2290 563 2334 extremo
578 2282 732 2352 dependeat.
765 2275 912 2346 Inscriptio
923 2277 1038 2331 tabulae
1054 2279 1185 2334 honestae

206 2364 342 2418 missionis
358 2366 413 2419 vid.
428 2367 502 2419 infra
519 2385 544 2419 n.
560 2367 585 2419 6.
1071 2364 1073 2369 ’
1090 2364 1093 2369 ’

141 2490 144 2495 ’
242 2480 302 2535 niv.
317 2482 359 2549 37,
376 2483 418 2550 53,
432 2484 458 2539 9.
484 2504 531 2539 nea
548 2486 687 2538 dumtaxat
702 2482 820 2536 animum
834 2480 907 2536 nodia
922 2480 1018 2535 donam
1035 2500 1068 2535 aa
1075 2478 1186 2561 fidelem

203 2569 354 2636 praestitit,
372 2572 417 2622 red
434 2573 552 2623 omnibus
567 2571 690 2637 interfuit
705 2569 793 2633 deliis,
811 2577 878 2641 puae
891 2568 920 2620 in
932 2568 1047 2620 Graecia
1057 2566 1185 2637 grauth,

204 2654 385 2718 tenerer-tono,
404 2656 550 2709 navalibus.
584 2656 698 2721 ¹Paullus
713 2653 743 2706 in
755 2652 819 2720 nig.
834 2640 878 2717 26,
888 2651 914 2716 Ἰ,
922 2651 965 2718 12,
975 2652 1000 2704 3.
1020 2670 1098 2722 quum
1113 2658 1187 2707 tutor

205 2751 260 2786 non
280 2738 357 2789 redae
378 2728 545 2806 dumtanat',¹
566 2743 612 2794 ned
636 2730 854 2794 ariomanita
874 2739 973 2807 pupilli
992 2746 1184 2809 proeponatur,

202 2818 232 2870 in
253 2820 349 2888 primia
371 2824 499 2876 mercedes
519 2827 750 2895 praeceptoribus,
776 2842 830 2877 non
855 2840 921 2895 quae
941 2825 1066 2885 minimae
1077 2821 1185 2893 poterit,

204 2904 251 2956 red
267 2922 321 2973 pro
329 2908 466 2973 fatuitate
482 2898 661 2979 patrimonii,
675 2928 725 2980 pro
741 2909 875 2981 dignitate
889 2910 1021 2961 nataliam
1038 2907 1185 2960 eonetituet.

206 2988 290 3043 Caino
308 2988 340 3043 in
354 2990 426 3063 ¹Dig.
450 2989 493 3057 5⁰,
515 2991 558 3059 16,
584 2990 645 3047 235.
671 2996 768 3060 sabroe
790 2995 924 3064 tignarion
947 2994 1056 3046 dicimur
1070 3008 1129 3043 nou
1144 3005 1187 3042 eoe

204 3075 360 3143 dumtaxat,
378 3079 425 3147 qui
439 3079 520 3147 tigna
540 3079 649 3142 dolant,
674 3078 836 3144 redamare,
861 3078 908 3148 qui
920 3078 1073 3144 aedificant.

240 3176 464 3244 Distinetionem,
501 3197 557 3248 qua
579 3181 651 3249 Aug.
672 3180 856 3234 Grotefendnn
881 3180 911 3233 in
930 3181 1051 3233 Gramm.
1077 3196 1103 3246 p.
1124 3174 1184 3230 did.

206 3259 345 3317 dumtaxat
360 3272 387 3318 et
402 3273 508 3319 tontum
523 3266 633 3319 diversa
643 3282 703 3319 esee
720 3265 802 3331 dicit,
820 3266 948 3334 equidem
963 3283 1016 3318 non
1031 3262 1167 3331 intelligo.

221 3396 252 3459 4.
277 3396 328 3461 Ex
345 3399 405 3466 hae
421 3404 536 3469 eodem
554 3402 684 3468 ratione
702 3400 923 3489 proficiscitur
942 3404 1043 3483 altera
1058 3396 1186 3488 signifi-

139 3480 243 3544 catio:
269 3484 310 3545 ad
334 3488 529 3570 minimum,
556 3489 691 3563 saltem,
720 3499 823 3569 certe,
854 3489 1070 3577 wenigetene.
1113 3484 1186 3549 Vid.

138 3567 286 3631 Gronov.
305 3569 344 3631 ad
363 3572 473 3638 Seneo.
494 3576 535 3639 de
560 3574 673 3639 Benef.
689 3574 720 3651 5,
736 3580 768 3637 2.
820 3573 886 3653 Qui
905 3596 984 3639 vero
1001 3574 1191 3658 disceptant

138 3652 179 3716 de
193 3653 328 3740 singulis
343 3654 443 3734 loeis,
467 3670 578 3725 utrum
597 3658 798 3746 significetur
813 3659 955 3739 saltem,
976 3682 1016 3723 nn
1032 3669 1187 3735 tanetum·
1229 3662 1233 3667 '

136 3738 256 3814 modo,
296 3740 379 3803 sieut
401 3743 558 3809 Matthiae
585 3745 664 3811 feeit
689 3744 806 3809 eontra
831 3744 1021 3809 Weiskium
1053 3742 1094 3807 ad
1119 3741 1186 3804 Cia.

136 3845 171 3909 p.
194 3825 263 3890 Mil.
289 3831 320 3905 2,
344 3827 387 3907 5,
419 3831 634 3894 meminerint
664 3830 888 3897 diversitatem
917 3851 989 3894 non
1016 3828 1053 3891 in
1081 3828 1185 3891 lutino

138 3911 297 3976 vocabulo
320 3911 425 3994 cerni,
446 3914 502 3979 sed
518 3914 553 3977 in
568 3914 673 3981 verbis
689 3915 893 4003 germanicis.

238 4032 331 4085 Plnut.
345 4033 464 4099 True2,
480 4033 506 4099 4,
521 4033 563 4087 dd.
581 4036 672 4087 iubebo
685 4038 722 4088 ad
736 4036 944 4107 ietampniapue
952 4032 1070 4104 perferri
1082 4031 1185 4083 minuar

200 4122 342 4183 praeterea
355 4121 479 4175 atronari
493 4120 633 4177 damnant
650 4120 688 4173 ad
701 4120 813 4175 ainau.
831 4168 834 4175 .
863 4168 866 4173 .
889 4132 893 4137 ·
1207 4144 1211 4151 ·
