2618 4770
216 268 279 333 250
650 246 827 317 DEMVM.

284 400 458 481 a,1a‚ar.
484 393 607 464 eman
634 404 823 461 acassam
846 402 932 474 rasta,
958 376 1085 463 nassis
1109 416 1271 483 agmen.

286 516 351 555 usus
370 501 420 550 cst.
1300 498 1303 509 '

300 643 333 703 3.
354 634 489 699 Novum
506 641 539 696 et
561 628 747 696 inauditum
769 626 900 695 videtur
923 650 1012 712 esse,
1034 631 1128 717 quod
1151 632 1259 723 legitur

164 736 169 749 ’
219 726 255 789 in
275 721 383 789 Taciti
400 719 485 784 Dial.
511 719 552 782 de
575 738 661 780 caus.
678 736 767 778 corr.
789 715 880 801 eloq.
898 720 957 781 26.Ι
983 738 1048 801 ego
1073 730 1193 783 aretem
1208 745 1256 785 es-
1286 775 1291 789 .

217 806 433 896 spectabam,
472 815 528 884 ut,
554 803 710 867 incusato
731 800 854 864 Asinio
884 811 919 863 et
949 798 1065 867 Coelio
1082 812 1131 877 {et
1156 805 1266 889 Calvo,

220 894 321 961 alind
336 890 431 957 nobis
447 912 576 977 agmen
583 885 803 973 produceret,
821 886 1003 972 plrzresqne
1018 887 1071 953 vel
1083 901 1174 957 certe
1186 894 1253 957 toti-
1284 944 1290 967 ³

221 979 300 1044 dem
330 976 543 1051 nominaret,
580 996 621 1037 eac
653 969 770 1059 qrtibns
807 972 916 1035 olirtrn
946 969 1124 1056 Ciceroni,
1163 976 1256 1043 aliun
1283 1018 1288 1023 -

221 1063 386 1143 Caesari,
410 1061 558 1149 singolis
581 1059 718 1123 demum
739 1056 895 1144 cingulos
919 1080 1177 1144 opponeremus.
1213 1064 1252 1129 Er

218 1147 454 1237 interpretibus
491 1166 577 1209 unus
618 1143 791 1227 Schulnius
830 1143 1081 1227 animadvertit,
1131 1146 1250 1213 &mam
1274 1178 1294 1205 ·.-

220 1259 291 1301 esse
315 1257 378 1322 pro
402 1231 546 1320 deniqne
568 1228 759 1309 collectivo,
793 1239 954 1315 utputo,
986 1252 1085 1297 sensu
1132 1234 1248 1301 ositum.
1283 1304 1286 1309 ,

218 1320 353 1389 Nostius
368 1319 476 1394 vertit,
497 1315 589 1403 quasi
605 1315 768 1401 scriptum
792 1325 877 1377 esset
891 1315 1062 1403 deinceps.
1139 1320 1265 1387 eatrnn'

220 1406 288 1473 fert
304 1406 457 1490 antiquus
472 1422 561 1465 usus.
606 1400 671 1463 Sed
686 1400 756 1464 istis
771 1399 878 1464 verbis
901 1402 1058 1501 opposita
1085 1418 1250 1492 sequuntur

211 1492 319 1561 ,haece
345 1488 515 1554 neminem
531 1484 679 1550 taceare
695 1507 800 1549 oneras
818 1497 868 1549 est
888 1487 957 1551 nisa
982 1486 1021 1553 in
1037 1488 1250 1576 poblicumd

219 1579 455 1644 incommune.
498 1571 609 1651 Quare
624 1569 760 1634 demum
781 1570 921 1659 intelligi
942 1571 1040 1637 debet
1064 1598 1163 1643 sensu
1185 1594 1283 1643 son-1·

217 1660 403 1740 firmativo,
426 1678 526 1743 quem
550 1659 650 1742 supra
668 1678 703 1744 p.
719 1658 793 1721 257.
820 1659 972 1743 exposui.
1027 1659 1138 1727 Unter
1159 1662 1251 1730 denen
1276 1670 1279 1677 '

218 1748 287 1814 wir
307 1726 406 1810 eirico
437 1742 515 1806 dem
542 1739 681 1822 Cicero,
714 1743 815 1806 einen
843 1742 977 1807 andern
1011 1744 1090 1810 dem
1126 1749 1275 1833 Camers

219 1830 371 1899 einzelne
382 1826 519 1916 gerarde
533 1826 708 1893 einzelnen
722 1829 1013 1915 entgegenatellen
1025 1831 1184 1901 sonatan.

300 2001 334 2065 4.
355 1998 497 2063 Nostrae
511 1997 625 2061 aetatis
639 1996 829 2084 scriptores,
850 2003 1046 2085 praesertim
1059 2000 1189 2082 Batavi,
1208 2004 1254 2069 in·

215 2096 331 2153 serunt
348 2083 484 2149 demam
503 2093 583 2169 post
604 2083 703 2149 verba
716 2083 985 2172 qualiacumque,
1006 2101 1256 2174 quantumcum-

262 2196 299 2237 e:
318 2170 410 2258 quod
428 2178 461 2234 et
476 2168 653 2233 absurdum
669 2179 737 2248 est,
756 2191 818 2233 nec
835 2189 931 2235 exem
958 2171 1030 2237 lum
1046 2171 1149 2241 habet
1164 2188 1254 2243 vetus.

215 2195 436 2325 ffihnkeniua
451 2255 485 2319 in
503 2254 596 2318 Orat.
616 2254 658 2317 de
673 2255 812 2320 Graecia
830 2278 866 2343 p.
881 2262 913 2321 2.
931 2193 980 2344 lp.
996 2260 1049 2323 84.
1065 2258 1190 2349 Fried.)
1203 2263 1255 2328 du·

215 2343 297 2433 plici
313 2344 413 2409 vitio:
439 2361 515 2403 cnm
530 2340 814 2418 existimationis,
837 2342 1005 2428 quantulo
1019 2344 1159 2411 demoni
1174 2372 1256 2415 carm·

216 2430 341 2517 presit,
360 2423 553 2511 dispendio.
595 2424 721 2488 Alberti
737 2426 772 2488 in
788 2426 929 2492 Praesat.
949 2429 990 2492 ad
1010 2431 1157 2518 Hesyeh.
1179 2460 1213 2525 p.
1228 2438 1256 2501 l.

215 2514 365 2603 quicquic
388 2512 525 2577 demam
547 2509 607 2575 itte
620 2506 746 2598 faerit.
789 2511 844 2576 Sic
857 2514 954 2581 multi
971 2515 1026 2580 alii
1041 2540 1152 2607 saepe.

296 2651 330 2743 ⁴³)
356 2648 501 2719 Confusa
517 2671 613 2736 saepe
629 2660 707 2714 sunt
723 2650 884 2719 vocabula
898 2652 1052 2741 denique.
1083 2658 1152 2725 vid.
1169 2656 1258 2729 ovid.

214 2738 293 2805 Her.
318 2744 378 2812 11,
402 2742 457 2803 91.
486 2733 621 2801 deinde.
659 2736 726 2801 vid.
750 2736 922 2803 Drakenb.
947 2738 990 2805 ad
1020 2743 1093 2808 Liv.
1124 2746 1190 2826 40,
1211 2752 1261 2813 22.

212 2821 387 2891 Heindorl.
406 2820 449 2888 ad
472 2818 540 2886 Cic.
561 2822 603 2889 de
625 2821 702 2888 Nat.
726 2822 759 2889 d.
782 2830 819 2902 1,
834 2828 896 2909 st,
913 2830 987 2892 103.
1017 2826 1102 2896 item
1127 2832 1198 2899 Cic.
1223 2832 1263 2901 de

213 2909 292 2998 Leg.
306 2914 328 2978 3
336 2956 350 2995 ,
364 2912 426 2995 17,
447 2908 504 2973 88.
832 2904 835 2913 ¹

571 3132 886 3255 Dnnrovn.
966 3168 970 3172 ·
1056 3124 1059 3129 ·
1181 3192 1189 3206 .

261 3316 462 3396 ·-DBN1QVE
475 3328 650 3405 utrum-*ex
661 3316 819 3407 demum,
841 3338 884 3381 en
899 3338 941 3381 ex
957 3316 1040 3385 dein
1055 3316 1189 3387 factum
1206 3323 1261 3405 sit,

189 3400 388 3491 'ambigitur
407 3405 558 3555 intcrffi
609 3400 759 3470 ni'iticos.
801 3401 867 3467 Sed
890 3404 995 3501 quivis
1021 3405 1156 3469 auribus
1180 3428 1260 3473 sen-

206 3491 285 3571 tiet,
308 3511 375 3576 quc
393 3490 497 3555 modo
518 3490 657 3581 mipqrte
681 3485 911 3553 transformari
935 3490 1082 3577 potuerit
1101 3488 1137 3555 ln
1159 3490 1261 3558 deni·

206 3596 289 3663 qne,
321 3576 675 3662 dummodd'an'tiiiii‘d
702 3595 796 3637 more
823 3576 1018 3661 pronuntiet
1042 3574 1188 3643 litteram
1219 3602 1256 3645 e.-
1296 3588 1303 3619 ἱ

205 3682 287 3725 nam
304 3663 454 3727 auxiliari
469 3663 577 3729 littera
593 3662 608 3725 i
626 3681 712 3746 opus
737 3670 803 3740 est,
824 3672 861 3724 ut
882 3661 1014 3748 loquela
1035 3681 1077 3724 ex
1097 3685 1122 3726 n
1145 3662 1256 3731 littera

206 3745 249 3812 ad
298 3757 452 3812 transeat.
476 3748 567 3814 Hanc
583 3746 683 3832 igitur
698 3744 893 3812 metathesin
908 3748 977 3847 ipsa
993 3756 1111 3811 natura
1127 3746 1253 3815 docuit.

203 3771 289 3898 Inui
311 3855 390 3898 vero
418 3856 498 3922 que,
535 3831 624 3918 quod
649 3830 822 3912 adhaeret,
841 3855 945 3922 magn
968 3844 1018 3899 est
1039 3833 1252 3921 syllabicqp,

203 3919 294 3985 cuiirs
310 3920 378 3985 vim
393 3919 428 3984 in
444 3936 582 4003 cvnQvn
600 3919 750 4003 exposui,
774 3939 874 4005 quam
895 3918 1131 4008 copulatirnm.
1176 3922 1252 3989 Vid.

199 4005 358 4071 Priscian.
373 4006 424 4070 14.
444 4004 489 4103 (5,
505 4002 570 4089 44.)
591 4026 625 4091 p.
634 4009 709 4069 996.
754 4004 967 4092 Quamquam
983 4016 1062 4073 aunt
1101 4005 1251 4087 uaedam,

199 4090 236 4157 in
260 4090 385 4179 quibus
416 4098 516 4195 etiarn
544 4089 816 4193 ris-‚copulante
844 4102 1004 4183 apparata
1040 4112 1063 4161 r
1095 4093 1144 4160 nti
1166 4092 1251 4181 poni
