2618 4770
133 279 200 347 384
495 292 498 297 '
602 273 724 359 ENIM·

136 428 240 503 rebat.
290 430 339 497 Id·
363 451 443 496 vero
470 436 569 517 negat
597 428 811 517 Burmannus,
842 429 888 495 ud·
911 427 1080 529 Aristoph.
1098 430 1165 497 liuh.

138 527 213 588 192.
234 528 268 584 et
292 516 334 583 ad
347 518 459 602 Viger.
482 538 517 581 n.
543 506 810 602 SOUTquamvia
833 516 1123 604 interrogationem
1134 519 1166 583 ita

136 629 213 672 eom
239 613 365 669 aratum
381 625 467 680 esee,
484 612 521 665 ut
532 601 751 688 intelligatur,
767 602 917 667 incertae
927 625 1004 665 aum
1017 604 1071 669 vel
1081 602 1167 669 miror
1208 612 1211 623 '

135 693 189 761 vel
205 626 262 755 aiio
276 688 372 753 milri.
416 690 494 768 Quo
507 686 592 753 nihil
609 698 757 753 mutatur
771 686 807 752 in
826 688 891 753 isto
906 686 1049 769 iudicio,
1076 690 1167 757 niaint

136 779 303 845 rationem
325 772 531 841 reddendam
552 795 624 837 non
648 796 724 839 cum
748 774 971 859 Hoogevceno
995 772 1040 837 ad
1055 786 1167 841 senten·

134 865 218 931 tiam
235 862 378 951 aliquam
396 872 471 925 ante
488 860 697 947 ponendam,
722 859 781 923 sed
806 860 848 925 ad
870 857 1113 949 ignorationem
1131 861 1168 927 rel

136 949 349 1016 mirationem
373 946 460 1027 eius,
498 946 556 1033 qui
582 946 782 1034 interrogat,
824 945 1022 1013 referamus.
1076 946 1169 1013 Manet

136 1036 239 1124 igitur
265 1033 314 1099 ria
344 1031 530 1097 reddendae
558 1032 717 1112 rationis,
760 1030 819 1097 aed
853 1052 957 1119 quum
987 1032 1168 1121 quicumque

134 1121 336 1205 interrogat,
354 1139 492 1205 semper.
503 1140 539 1181 ee
554 1117 681 1182 nescire
696 1140 787 1195 rem,
811 1128 868 1183 aut
880 1140 916 1183 ee
932 1138 1091 1216 quaerere
1105 1119 1167 1186 valle

134 1204 353 1296 profiteatur,
385 1203 475 1268 haud
496 1200 593 1267 facile
617 1203 829 1289 intelligitur,
859 1226 919 1283 eur
940 1204 1033 1269 idem
1057 1206 1167 1270 nonin

137 1312 348 1381 quacumque
378 1288 655 1376 interrogatione,
692 1300 747 1355 aut
775 1290 934 1365 ¹iuvnulla
963 1288 1031 1356 fiat.
1075 1292 1167 1371 Quare

134 1378 233 1444 buius
249 1376 518 1460 interrogationis
544 1384 632 1439 certa
656 1398 727 1441 esse
750 1374 849 1439 debet
866 1398 978 1440 caussa
993 1385 1167 1463 certumque

135 1486 251 1555 genua.
268 1465 402 1546 'Atque
418 1460 484 1524 boe
506 1482 577 1524 non
600 1460 635 1523 in
657 1482 724 1525 una
748 1461 875 1525 inscitia
891 1461 1056 1539 cernitur,
1079 1462 1166 1527 sedin

135 1549 292 1617 omnibus
310 1547 348 1611 iis
373 1546 483 1624 rebus,
507 1565 590 1631 quae
616 1547 834 1634 interroganti
856 1547 906 1612 iue
929 1555 962 1611 et
984 1558 1166 1647 potestaten

157 1633 313 1701 uuerendi
334 1631 514 1718 praebent,
548 1640 581 1695 et
607 1653 684 1695 eum
709 1633 903 1720 impellunt,
931 1643 971 1696 nt
989 1644 1165 1723 rutarrogct.

133 1661 221 1788 ilaec
232 1720 332 1806 igitur
340 1739 407 1780 arse
421 1726 532 1803 potest
543 1715 730 1801 admiratio,
746 1729 1063 1807 uapor-,novarum
1073 1740 1166 1787 rerum

133 1808 297 1881 studium,
319 1801 499 1889 dubitatio,
519 1802 661 1881 inscitia,
679 1814 725 1887 ,et
745 1800 826 1886 alia,
844 1798 1169 1899 'quarumafflffld

131 1896 230 1974 iatam
242 1886 406 1953 'occultam
422 1884 670 1952 conclusionem
686 1909 783 1970 eum,
808 1889 866 1977 qui
883 1889 1185 1990 inte-rrcrgutwper:¹

134 1978 235 2049 ducit.
290 1975 342 2040 lix
363 1972 561 2038 'boe'iensu
586 1974 751 2039 rationem
783 1984 815 2039 et
838 1996 984 2041 causeam
1006 1977 1065 2043 ille
1090 1978 1174 2065 petit,

131 2054 306 2130 instantius
329 2081 389 2125 eur
412 2060 613 2148 interroget:
659 2070 690 2124 et
717 2062 786 2126 rim
813 2061 986 2145 dictionia,
1026 2064 1057 2129 ei
1077 2072 1179 2129 totam

132 2146 417 2235 comprehendere
433 2146 532 2226 velie,
560 2144 678 2212 reddas
693 2147 816 2212 modo:
841 2170 884 2211 ex
902 2170 942 2221 ao
982 2148 1180 2227 andrentio,

131 2261 171 2303 zu
193 2232 466 2312 Falernum,
493 2229 776 2333 Wa⁸i⁰llffil²²⁶2
825 2228 1037 2334 Nffi‘n‘egttrl
1060 2258 1107 2335 po
1168 2278 1185 2309 a

130 2258 680 2407 affidenffiffip'ini'sag'noan
706 2342 741 2382 m
767 2318 947 2419 particula,
972 2343 1041 2387 erre
1063 2344 1100 2386 an
1124 2322 1206 2393 bac,

130 2406 241 2475 forma
254 2404 540 2488 interrogationis,
563 2426 646 2489 quae
662 2427 798 2491 propria
815 2416 861 2468 est
876 2428 987 2470 animo
1003 2406 1193 2473 vebumeuae

92 2498 98 2509 '
129 2496 195 2558 tius
213 2494 322 2576 aliquo
350 2489 469 2554 affectu
492 2501 677 2553 commoto.
722 2490 777 2554 Sic
801 2491 939 2578 ponitur
961 2515 1000 2558 ea
1050 2500 1201 2581 osta-155

129 2578 336 2645 clamationis
366 2575 464 2639 verba
492 2584 521 2638 et
550 2586 628 2663 post
653 2576 751 2659 verba
779 2601 866 2664 agre,
899 2579 982 2662 φέρε.
1023 2514 1197 2645 {laterum

128 2659 543 2741 numd'i'ii‘bff‘ltta'erebit',
604 2654 675 2725 uod
695 2662 779 2727 ratio
805 2665 1006 2748 quaestionis
1030 2660 1094 2752 ipsi
1120 2667 1194 2742 rei,

129 2770 229 2839 quam
253 2746 467 2835 interrogatio
493 2684 743 2845 complectitur,
781 2749 953 2813 tribuitur:
990 2744 1070 2815 haec
1091 2752 1194 2815 eninr

129 2858 242 2902 caussa
257 2844 324 2909 est,
347 2854 449 2920 quare
474 2832 609 2918 quisita
629 2832 831 2898 effectussit.
875 2835 940 2900 Sed
961 2857 1005 2899 ex
1026 2842 1098 2899 tota
1120 2836 1179 2901 bac

129 2921 232 2989 animi
263 2918 460 3007 cogitatione
492 2940 562 2983 non
591 2918 697 2984 verbis
729 2940 902 3006 expressa,
941 2920 1060 3008 recipit
1085 2944 1178 2986 suam

126 3006 272 3074 formam
296 3004 522 3091 interrogatio.
572 3004 684 3084 Quare
706 3008 805 3072 etiam
820 3002 904 3069 riam
923 3014 957 3070 et
973 3006 1067 3071 dana
1083 3017 1178 3095 poet·

125 3098 319 3183 ponuntur,
345 3100 378 3156 et
406 3090 584 3157 adbaerent
614 3090 721 3157 verbis
756 3086 978 3179 quaestionis,
1009 3093 1178 3181 quianam,

127 3179 322 3246 werricum

229 3293 472 3364 cic.'Tusc.1‚6‚
491 3299 533 3353 10.
564 3310 596 3355 tr.
631 3291 866 3352 Antunnacum
888 3292 1044 3356 creditit.
1069 3294 1179 3353 Minime

191 3398 262 3434 acro.
288 3399 318 3434 ra.
347 3384 437 3448 Male,
464 3385 586 3451 hercule,
610 3402 717 3438 narrar.
749 3400 776 3436 a.
807 3368 880 3435 Gur?
905 3402 1009 3452 quaero.
1043 3402 1076 3439 rr.
1110 3385 1178 3451 Quia

192 3466 307 3519 disertus
322 3485 375 3521 asae
389 3488 506 3538 possem,
531 3464 556 3523 ei
576 3477 668 3522 cantra
690 3470 744 3520 iata
759 3469 877 3521 dicerem.
905 3484 931 3521 Α.
961 3470 1026 3535 Quis
1041 3470 1111 3522 cuim
1126 3486 1177 3522 non

191 3547 221 3602 iu
236 3552 361 3604 eimmodi
383 3555 499 3606 caussa?
524 3550 543 3608 i.
568 3573 593 3609 a.
616 3553 704 3605 miror
725 3556 752 3604 te
775 3551 815 3604 itu
837 3552 923 3621 laquie
955 3553 1011 3606 Noe
1032 3572 1088 3607 wer
1109 3556 1177 3623 deq·

188 3636 270 3687 nient.
305 3636 395 3691 Pluut.
417 3639 517 3706 Amph.
539 3638 565 3703 2,
588 3638 614 3702 2,
639 3636 681 3689 62.
705 3636 768 3704 quid
783 3637 852 3688 cuim
867 3637 973 3689 aenaea?
999 3638 1102 3693 Horaia
1120 3640 1176 3693 Sl&

188 3718 214 3782 2,
224 3718 249 3782 3,
258 3719 317 3772 122.
332 3720 411 3787 filius
427 3731 474 3775 aut
492 3718 572 3775 ctiam
586 3724 650 3774 buca
663 3722 772 3772 libertus
787 3729 818 3773 ut
833 3719 920 3775 abibat
935 3724 1027 3789 herae,
1040 3752 1077 3763 -
1092 3724 1176 3777 eruin*

188 3801 251 3853 dia?
278 3796 381 3856 Netttt
403 3806 491 3858 desit?
517 3808 680 3872 Quantulum
703 3807 772 3859 euim
793 3825 911 3859 summac
931 3810 1047 3861 curtabit
1071 3811 1176 3879 quiquo

188 3887 307 3951 dicrum,
333 3906 452 3957 uomere
469 3891 493 3942 ei
508 3892 591 3943 caulis
606 3892 660 3942 oleo
675 3890 781 3943 'auctiore
797 3896 925 3960 caputque
940 3892 1057 3961 coeperis
1072 3894 1173 3961 impert

184 3972 296 4034 foedum
309 3972 469 4040 porrigine?
494 3972 593 4042 Sulpit.
610 3975 668 4027 Sui.
686 3974 728 4027 20.
756 3977 819 4044 quid
835 3984 984 4044 reputemur
997 3978 1092 4031 anim?
1114 3977 1134 4031 i.
1147 3988 1170 4029 tta

187 4053 254 4121 quid
270 4053 298 4105 in
313 4055 367 4107 hac
383 4055 553 4111 dubitatione
568 4060 651 4128 longa
666 4060 847 4129 reputemus?
865 4061 941 4112 Gurt.
956 4053 983 4127 ⁵,
999 4058 1027 4127 Β,
1040 4060 1086 4113 11.
1108 4074 1170 4131 quoi

183 4148 264 4207 usquc
279 4139 349 4193 caim
366 4138 396 4193 r'a
418 4158 502 4212 regua
523 4143 666 4199 emulano?
681 4144 725 4211 1⁰,
741 4144 768 4212 2,
783 4144 826 4199 2⁰.
847 4146 935 4201 catut
947 4137 1169 4203 nim-dli!
