2618 4770
587 277 664 385 66.
822 318 824 322 ψ
1065 283 1129 350 666

78 440 164 504 culo.
205 437 321 523 Neque
349 435 443 501 aliter
466 455 535 522 age
560 444 613 517 et,
644 436 680 499 in
706 447 773 520 quo
796 430 879 496 adeo
902 433 1035 502 verba·
1024 449 1131 507 mter.

77 525 261 615 punctione
279 520 420 586 distendi
434 530 588 608 possunt.

183 645 241 697 cte.
258 645 341 695 Tusc.
356 642 382 707 3,
397 640 464 707 3,5.
491 649 522 695 666
541 647 568 693 66
589 637 677 692 morbi
689 637 888 708 perniciosiores
906 640 1046 710 pluresque
1068 654 1131 702 66666
1157 704 1160 709 ,
1231 689 1238 705 ,

146 730 232 784 animi
247 746 326 798 quam
343 728 467 797 corporis.
488 722 537 778 ubi
553 725 669 778 wolfius
695 727 743 775 out
765 726 842 775 el·-
807 741 905 791 -que
925 727 1025 793 66666ιί
1044 737 1131 799 putat,

146 819 195 868 6666
217 820 247 866 66
266 811 371 865 intendi
392 828 461 863 6666
486 810 627 863 celnod
648 807 769 862 06611166
791 812 820 858 66
841 807 988 861 1161666666
1004 814 1131 883 probent,

145 901 200 951 hoc
216 914 312 949 verum
327 902 376 949 666.
403 915 430 964 6.
448 896 523 948 Sext.
538 893 581 959 56,
598 893 658 947 126.
686 900 716 946 66
735 909 801 946 cero
823 899 848 944 66
870 892 917 945 ille
933 895 1056 950 6666666666
1073 902 1132 969 666-
1207 924 1211 935 =

148 983 237 1036 6666-
202 997 393 1048 *numquam
411 987 450 1032 est
464 987 627 1049 conspectus,
646 995 725 1047 quum
742 977 850 1029 ueniret.

169 1081 573 1152 “016.6.11666.61666.66,64.
595 1084 742 1147 suteorme
757 1085 882 1131 sectorem
895 1096 957 1133 6666.
996 1083 1092 1138 lerum
1105 1094 1134 1142 66
1186 1139 1187 1142 ,

147 1172 197 1224 alii
211 1169 296 1221 multi.
313 1167 332 1220 i.
350 1184 375 1218 6.
394 1168 458 1219 uber
472 1168 544 1218 dazu
559 1167 625 1219 niele
642 1167 748 1237 6661666.
766 1163 786 1216 ἰ.
802 1181 826 1216 c.
843 1165 907 1216 aler
922 1167 992 1218 6666666
1005 1169 1079 1224 uiele.

184 1273 242 1326 Cic
256 1274 335 1325 Brut.
351 1269 394 1335 17,
409 1267 452 1322 67.
472 1269 518 1321 scd
535 1269 589 1321 et'
578 1286 608 1319 66
622 1268 720 1320 nostris
733 1266 842 1319 inscitia
861 1272 906 1318 666.
925 1266 958 1318 ad
975 1268 1032 1326 An.
1046 1231 1131 1337 5,16.
1146 1319 1148 1323 ,
1230 1282 1233 1288 “

149 1359 288 1417 6661616666
310 1356 433 1406 Athenae
455 1356 635 1407 delectarunt.
658 1352 722 1403 urbs
737 1351 894 1436 dumtaxat,
921 1359 947 1403 et
960 1355 1034 1407 6661666
1050 1374 1133 1431 orna·

149 1447 281 1504 meretum,
304 1447 330 1490 66
347 1440 480 1493 homiuum
501 1455 602 1492 amores
622 1438 652 1487 io
673 1443 698 1488 te
721 1442 747 1487 et
768 1419 798 1486 iis
814 1453 862 1486 nos
881 1428 1011 1503 6666666666
1028 1426 1133 1495 leniae-

151 1526 248 1577 lentico
277 1524 323 1576 serl
346 1524 457 1576 maltum
480 1531 506 1576 et
529 1521 705 1592 philosophia.
748 1519 924 1586 86616666666
944 1522 1063 1576 editores
1086 1535 1133 1581 666.

153 1607 285 1676 Quinctil.
302 1607 344 1673 16,
363 1609 464 1673 1,161.
490 1615 516 1660 66
530 1594 649 1674 sortasse
668 1606 786 1673 epilogat
807 1605 850 1655 illi
870 1622 926 1656 mos
942 1607 1057 1660 ciuitatis
1071 1611 1133 1662 als-

135 1693 257 1763 Itelesits
285 1695 331 1745 6666
348 1701 374 1746 66
387 1694 462 1746 nolis
479 1695 542 1758 illa,
570 1709 638 1760 quae
652 1689 736 1742 Attici
750 1689 901 1752 mirantur,
924 1680 1132 1748 diversitates·
1184 1750 1185 1755 ,

150 1777 277 1849 6666666666
288 1779 358 1830 ratio
372 1779 459 1831 minus
470 1777 629 1846 permiserit.

184 1880 246 1932 niv.
260 1880 304 1944 22,
325 1881 351 1946 1,
373 1879 416 1934 18.
445 1881 508 1949 quin
530 1887 555 1931 66
573 1878 713 1930 libertinae
732 1882 763 1927 ut
785 1875 860 1943 ipsae
874 1903 909 1913 —
923 1878 1063 1943 pecuniam
1082 1898 1134 1951 666

146 1965 326 2033 jaculatione
338 1967 392 2016 suis
408 1968 566 2029 conferrent.
585 1965 683 2014 1166666.
700 1958 874 2026 0.1,16,16.
892 1963 956 2029 quin
968 1968 994 2016 66
1009 1965 1132 2034 Atriden,

151 2052 270 2112 docete,
287 2049 458 2116 superbos-
473 2048 596 2099 Priamus
606 2048 716 2111 fefellit.

94 2154 96 2160 ’
187 2151 246 2204 cte.
264 2149 299 2203 616
315 2150 382 2218 Leg.
398 2149 424 2214 1,
440 2149 483 2213 12,
502 2147 662 2216 &aquibus
679 2148 750 2201 enim
765 2147 836 2200 rotio
854 2164 872 2200 a
887 2153 989 2203 6666666
1003 2150 1070 2205 elata
1085 2142 1154 2220 666,Δ
1228 2172 1230 2178 ’

150 2237 244 2290 iisdem
266 2235 347 2288 etiem
368 2233 532 2286 rectoratio
552 2229 692 2286 6166666666
720 2248 787 2302 ergo
806 2238 832 2284 66
854 2233 910 2295 166,
928 2249 996 2299 quac
1009 2241 1048 2286 666
1062 2244 1136 2292 recta
1212 2292 1215 2297 ,

152 2323 223 2377 ratio
239 2320 269 2372 in
285 2319 398 2371 iubendo
412 2324 438 2370 et
452 2318 574 2370 6666666616.
594 2315 612 2368 i.
628 2333 651 2368 6.
671 2332 755 2384 ergo,
773 2321 801 2370 66
816 2317 871 2385 1666.
891 2315 925 2365 de
941 2315 1002 2368 Fin.
1014 2315 1040 2384 3,
1053 2318 1079 2384 8,
1090 2310 1134 2374 21.

152 2413 204 2479 66666Ι
215 2404 395 2474 metendum,
412 2403 480 2470 666666
494 2419 548 2454 666
559 2403 680 2470 placens,
696 2408 744 2453 aut
759 2400 784 2452 si
796 2400 841 2466 ia,
860 2417 914 2451 666
928 2401 1008 2465 eliam
1018 2404 1137 2473 diligen-
1157 2422 1167 2459 ’.,

107 2537 110 2541 A
153 2492 232 2543 dume
248 2505 325 2559 ‘ergo
346 2492 372 2538 66
387 2487 563 2553 probandum.
600 2485 633 2536 616
655 2484 789 2550 mutnet,
805 2483 849 2550 56,
864 2483 924 2537 114.
943 2503 1009 2555 ergo
1024 2494 1051 2540 et
1065 2489 1087 2540 ii
1100 2517 1136 2530 -

152 2578 270 2626 66666666.
306 2570 389 2623 Tusc.
404 2569 430 2635 3,
445 2569 488 2634 26,
505 2568 547 2623 66.
564 2570 610 2622 sed
622 2571 686 2622 llaec
699 2571 788 2622 omnia
799 2570 908 2635 faciunt
923 2572 1076 2639 6666666666,
1094 2573 1137 2628 ita

146 2659 214 2727 fieri
226 2674 308 2727 66666.
344 2656 436 2723 ltaque
450 2661 476 2709 et
490 2655 630 2707 Aeschines
643 2654 673 2705 in
688 2655 884 2706 Demosthenem
900 2655 1048 2722 6666666666,
1063 2660 1136 2727 quod

153 2736 207 2796 666.
224 2741 274 2794 uti
288 2741 354 2794 0666
374 2758 400 2807 6.
414 2738 474 2792 386,
500 2738 627 2806 opinetur
648 2739 814 2805 respondere
835 2737 880 2790 hie
904 2741 1008 2792 6661666
1040 2759 1072 2794 er
1087 2745 1137 2796 lma

86 2828 98 2839 ²
153 2826 248 2893 euenit,
266 2833 297 2878 ut
312 2827 341 2878 in
354 2826 438 2878 animi
454 2825 586 2876 doloribus
596 2824 644 2875 alii
653 2822 807 2875 solitudines
816 2831 931 2892 captent.
950 2823 1034 2878 Tunc.
1041 2825 1136 2894 1,z,4‚
1232 2817 1233 2820 ¹

113 2936 117 2944 ·
153 2912 278 2980 igituret
294 2911 512 2978 Epaminondas,
542 2909 680 2977 princeps,
706 2908 892 2973 meoiudicio,
912 2907 1160 2978 Graeciamfidiv

155 2997 204 3048 66666
215 2996 355 3064 praeclare
371 2994 491 3046 cecinisse
508 2993 613 3044 elicitur.
632 2993 666 3043 616
685 3008 738 3060 quo
753 2992 814 3043 1666
833 2991 935 3043 iterum
949 2989 1032 3047 infre.
1115 3005 1122 3020 t

192 3096 251 3149 cio.
265 3097 300 3148 nd
315 3097 372 3149 Au.
389 3094 415 3160 'l,
432 3092 475 3147 26.
502 3112 588 3159 nuno,
614 3101 645 3146 ut
665 3095 755 3158 uideo,
777 3094 857 3163 paeri
872 3101 940 3146 certe
958 3094 986 3145 in
1001 3093 1140 3151 eteniam

155 3179 281 3232 uidentur
295 3180 453 3234 hiematuri:
479 3195 543 3230 nam
560 3185 586 3232 66
601 3195 667 3247 ego,
691 3177 785 3230 nescio.
800 3177 848 3229 ubi
863 3182 910 3230 aut
925 3177 1018 3245 inepto
1034 3177 1140 3234 iutelli-

158 3264 297 3331 gastost,
318 3265 399 3326 odeo,
418 3264 513 3317 66666661
530 3281 557 3315 6.
576 3264 656 3332 pueri
678 3261 782 3329 aliquid
800 3263 941 3330 supplent,
966 3265 1138 3323 6616661666.
1168 3291 1172 3296 ·
1206 3330 1209 3335 ,

158 3346 295 3400 66666666
308 3348 438 3417 cuncto.
445 3349 491 3412 ‚11‚
506 3347 533 3412 6,
547 3346 590 3400 oo.
615 3364 669 3398 666
686 3354 710 3398 u
728 3347 816 3397 66666
832 3347 896 3399 uta
910 3363 963 3407 666
977 3348 1092 3417 atumem
1106 3352 1138 3404 66
1156 3349 1158 3353 ’
1202 3335 1205 3339 ’

88 3459 91 3465 ›
157 3427 278 3509 6666666666
292 3441 398 3484 contum
414 3431 608 3484 obscuriorem?
627 3430 684 3483 cic.
694 3448 720 3498 p.
735 3431 817 3482 Rosc.
834 3429 910 3484 Oom.
927 3430 969 3496 14,
983 3431 1026 3486 ts.
1047 3442 1138 3492 utrum
1212 3490 1214 3505 ,¹

158 3514 246 3586 dieis?
268 3516 362 3579 1666666
384 3524 410 3567 et
426 3517 557 3569 Manilio.-
582 3533 619 3567 on
641 3522 666 3566 et
691 3514 783 3565 Clanio
807 3528 861 3566 non
884 3511 937 3568 esse
960 3511 1139 3574 credendum?

156 3599 248 3673 11166666.
258 3598 426 3668 Anapum,
438 3597 497 3654 113.
517 3619 553 3653 an
569 3605 595 3650 et
608 3599 637 3650 666
651 3605 681 3650 666
695 3596 765 3648 seis?
786 3597 833 3650 Sic
848 3599 981 3654 editiones
993 3608 1111 3658 6666666.

193 3701 251 3756 cte.
267 3702 302 3754 (16
317 3703 379 3756 Not.
397 3701 422 3754 t.
439 3702 465 3766 1,
480 3701 522 3767 66,
537 3701 579 3755 86.
598 3719 650 3772 nge
664 3704 690 3753 66
705 3700 746 3752 ln's
761 3703 895 3755 vocabulis
909 3706 971 3756 61666
983 3721 1037 3758 6666
1045 3708 1139 3772 focia-

156 3800 231 3852 666666,
250 3788 343 3855 quibos
360 3805 378 3839 a
393 3783 468 3838 nobis
483 3788 662 3841 nominantur.
684 3783 733 3837 ubi
756 3784 892 3856 interponi
913 3795 1003 3856 666666
1021 3805 1138 3847 comma.

155 3873 238 3925 Certe
252 3864 434 3940 inopportuno
450 3874 491 3922 666
512 3871 665 3923 emendatio
686 3871 720 3922 ab
740 3869 840 3928 0666666
857 3890 886 3941 6.
899 3872 958 3926 682.
974 3875 1058 3926 foeta.
1081 3873 1138 3926 vit.

158 3956 239 4009 Tem.
253 3958 275 4009 1.
295 3975 321 4024 6.
336 3955 397 4008 268.
425 3958 523 4009 floret.
538 3954 623 4022 Epist.
638 3953 665 4019 2,
679 3954 705 4019 1,
720 3953 780 4007 214.
805 3971 896 4009 oerum
910 3975 963 4028 age
977 3965 1002 4013 66
1016 3959 1073 4024 ltin,
1092 3959 1139 4027 6666
1183 3992 1185 3996 »

155 4056 183 4094 ee
196 4040 289 4097 666666·
303 4041 524 4104 6666666666666
538 4060 572 4079 ⁶⁶
587 4049 678 4093 coram
693 4041 773 4095 6666666
789 4039 899 4096 irenem.
