2618 4770
125 242 188 311 rsa
313 276 317 285 ,
594 224 698 295 CVM·

130 414 208 462 cam
225 389 342 471 nobb,
360 379 596 467 obscoenitatis
619 379 757 461 nomine
776 387 948 466 suspecta,
977 394 1016 443 sa
1030 380 1150 437 tantun

131 493 170 550 ut
184 478 274 546 idam
297 470 519 541 Schneidcrus
542 464 645 549 vidit,
666 464 851 545 declaratur
869 456 1093 535 consuetudo,
1117 477 1150 545 qt

131 586 160 637 ιι
177 574 253 631 ante
266 560 392 627 litteras
409 556 454 639 Q,
477 570 521 633 v,
542 571 586 635 tt,
606 549 884 642 pronuntiabatur
896 568 933 625 rt.
976 544 1051 611 can
1075 556 1150 610 exat

131 655 169 719 in
182 648 400 736 inscriptione
417 639 506 731 apud
523 639 620 706 Grut.
642 660 677 727 p.
692 644 747 703 21.
767 660 802 701 n.
817 641 850 702 3.
887 653 950 717 can
964 649 1150 697 FRATafflv

132 732 233 817 Quod
255 733 376 822 legitur
407 752 443 819 p.
466 724 541 793 315.
565 747 601 792 ιι.
623 730 657 791 2.
689 740 778 790 cvnc
808 736 992 820 Parnasum
1017 739 1150 806 comper

133 822 226 887 dium
244 830 293 883 ast
310 817 402 885 verbi
419 813 584 892 coniunx,
603 833 674 875 non
688 809 903 899 praepositio.
996 866 999 871 .

218 903 440 971 Terentianus
469 900 609 965 Scaurus
633 895 674 961 de
697 892 859 983 Orthogr.
889 915 925 980 p.
945 892 1043 957 2261.
1070 905 1150 983 narr

133 991 277 1078 antiquis
294 987 488 1061 adverbium
502 988 597 1047 cume
609 992 804 1082 usurpatum
821 978 923 1045 fuisse
939 998 1003 1063 pro
1021 998 1109 1041 cam.
1145 1029 1151 1041 .

135 1078 235 1144 etiam
252 1076 295 1141 ad
309 1071 588 1163 praepositionem
603 1067 717 1133 retulit
730 1064 892 1133 Meursius
909 1063 1053 1127 Exercit.
1071 1062 1145 1127 crit.

134 1186 170 1252 p.
184 1163 243 1227 58.
261 1157 439 1227 emendans
453 1155 561 1231 Plauti
580 1153 675 1243 Gapt.
699 1153 789 1253 prol.
811 1152 864 1217 24.
879 1160 1066 1236 postquam
1086 1145 1150 1213 tett

136 1258 267 1337 gerant
282 1244 402 1315 Aetoli
423 1248 519 1311 cume
540 1236 634 1305 aliis.
676 1239 806 1305 Dixisse
829 1238 918 1303 enim
933 1245 1058 1300 veteres
1080 1255 1150 1325 cara

139 1353 255 1411 same,
282 1334 424 1422 quartae,
450 1338 483 1393 et
505 1327 678 1401 interserta
697 1342 723 1389 1)
748 1324 875 1404 llttera,
899 1319 1037 1398 camele,
1057 1330 1150 1395 tamo

136 1417 223 1483 Vide
238 1419 275 1483 in
293 1435 404 1495 Qtatt.
446 1411 511 1479 sed
527 1433 545 1473 a
559 1408 808 1498 praepositione
826 1428 966 1497 prorsus
990 1406 1097 1471 aliena
1119 1428 1150 1475 et

138 1500 221 1569 haec
235 1500 411 1569 formatio.
452 1496 490 1563 In
506 1494 611 1579 Plauti
626 1495 732 1561 verbis
748 1518 825 1561 cum
838 1516 909 1559 non
925 1492 1068 1559 eliditur.
1096 1544 1099 1549 .

103 1578 107 1583 ’
224 1586 304 1651 Crat
320 1582 589 1650 coniunctionem
603 1580 823 1668 adsignificat,
844 1580 911 1646 sive
927 1602 1000 1645 eam
1011 1576 1150 1644 rationes

142 1692 209 1760 qua
233 1670 330 1736 alicui
354 1669 405 1735 rei
430 1668 491 1734 alia
512 1667 740 1744 consociatur,
772 1668 1001 1753 coniungitur,
1026 1673 1150 1729 constrt

141 1770 216 1837 tur,
250 1765 316 1821 aut.
335 1754 446 1843 aliquo
461 1752 566 1819 modo
592 1750 759 1819 cohaeret.
819 1753 868 1819 Ea
888 1773 961 1815 non
990 1748 1150 1839 exprimit

142 1840 287 1930 simplici
304 1860 381 1905 casu
392 1838 554 1921 ablativo,
576 1838 634 1905 sed
647 1838 758 1903 addita
771 1861 851 1927 prae
876 1837 1017 1911 ositione
1032 1845 1150 1925 propte

144 1948 201 2008 aa,
223 1924 315 2013 quod
328 1924 440 1991 localis
455 1924 550 1989 notio
566 1946 636 1990 non
650 1922 772 2003 stillicit
788 1923 830 1989 ad
846 1862 1082 2011 designandam
1106 1945 1147 1987 co

144 2011 374 2078 sociationem.
415 2010 603 2092 Quanam,
632 2031 717 2099 quae
739 2010 775 2076 in
793 2010 1017 2097 grammaticis
1041 2007 1150 2074 dicunt

145 2098 309 2186 componi
339 2117 416 2161 cum
447 2096 557 2161 dativo
587 2118 653 2184 pro
682 2096 934 2185 praepositione
960 2117 1037 2161 cum
1066 2096 1150 2187 posi·

146 2182 281 2251 iunctas
322 2180 430 2249 alicui
459 2191 493 2246 et
522 2182 728 2270 aliquare,
755 2183 898 2248 miscere
924 2179 1057 2271 aliquid
1088 2180 1150 2245 alie

146 2269 219 2349 rei,
242 2280 376 2339 certare
388 2267 513 2348 alicui,
535 2268 628 2356 lcqrca‘
643 2267 750 2333 alicui
767 2278 943 2354 cognatam
960 2267 1114 2354 quidem,
1138 2290 1150 2333 s

147 2351 368 2421 nihilominus
385 2352 549 2424 diversam
564 2355 729 2420 rationem
743 2352 884 2435 habent,
903 2374 1012 2439 neque
1035 2352 1135 2417 etiam

149 2442 272 2526 grecas
301 2439 476 2537 desumpta
504 2451 594 2504 sunt.
643 2438 682 2503 ld
702 2440 784 2506 bens
814 2437 979 2505 intellexit
1009 2438 1150 2527 Zumpti

149 2546 184 2589 n.
207 2527 283 2590 178.
317 2545 387 2587 non
412 2534 494 2593 rtem
515 2522 757 2589 Ramshornius
784 2546 820 2589 ιι.
844 2526 917 2590 124.
941 2526 974 2589 4.
1025 2522 1065 2588 ln
1088 2544 1149 2589 ver

151 2610 242 2675 enim
262 2608 396 2673 iunctas
414 2619 446 2670 et
467 2608 663 2674 coniunctas
686 2608 766 2697 ipsis
789 2608 876 2675 inest
897 2610 991 2674 notio
1008 2607 1150 2673 coniunc

150 2713 216 2770 va..
244 2693 450 2779 Praepositio
465 2703 574 2759 autem
597 2716 669 2771 non
692 2705 824 2782 poterat
847 2715 924 2760 cum
947 2695 1011 2760 alio
1033 2716 1111 2759 casu
1134 2717 1150 2759 ι

153 2800 231 2844 oum
246 2778 387 2843 ablativo
405 2781 571 2861 construi,
593 2789 626 2843 et
642 2800 726 2867 quae
745 2780 779 2844 in
795 2781 1066 2868 inscriptionibus
1079 2781 1150 2867 lagu

152 2875 209 2929 tur
226 2885 303 2927 cam
328 2863 509 2952 coniugem
524 2866 655 2931 Gruter.
676 2888 711 2952 p.
728 2870 821 2937 1139.
843 2890 877 2931 n.
897 2872 949 2933 18.
971 2889 1046 2931 cum
1057 2877 1150 2952 part.

149 2946 256 3041 sandi
275 2972 312 3039 p.
330 2949 404 3015 215.
422 2973 458 3015 n.
472 2955 506 3016 2.
528 2972 605 3015 cum
623 2973 720 3038 quem
737 2974 771 3038 p.
794 2954 869 3017 628.
891 2975 926 3017 ιι.
950 2953 983 3018 5.
1005 2957 1079 3017 777.
1107 2975 1145 3016 ιι.

155 3058 220 3101 con
236 3056 333 3124 quem
347 3057 382 3122 p.
398 3034 472 3101 826.
488 3057 523 3099 ιι.
541 3040 574 3101 7.
591 3058 627 3123 p.
643 3039 717 3107 757.
739 3060 774 3101 n.
791 3041 821 3102 1.
843 3036 969 3103 editori
983 3037 1150 3102 marteris·

155 3142 231 3185 cam
240 3117 403 3208 ferarum
416 3118 606 3207 libycarum
627 3145 662 3209 p.
678 3122 753 3187 843.
769 3145 803 3187 n.
818 3129 849 3187 2.
867 3122 1150 3211 (conf.Laurenbe

155 3207 327 3291 Antiquar.
348 3229 383 3294 p.
399 3208 452 3270 98.
467 3216 499 3271 et
517 3204 604 3283 tras
619 3229 654 3270 ea
669 3207 909 3273 ineruditorum
919 3209 1127 3296 sculptorum
1142 3231 1150 3272 ι

38 3338 42 3345 -
156 3289 333 3381 gligentiae
349 3290 521 3365 debentur.
562 3290 832 3371 Rationesvero,
856 3315 936 3381 quas
953 3296 1069 3360 Graeci
1085 3295 1150 3358 dist

158 3387 263 3461 gaunt
279 3377 386 3442 verbis
401 3372 462 3440 σύν·
474 3386 507 3441 et
520 3371 604 3456 perci,
629 3382 774 3463 quorum
789 3380 870 3445 illud
886 3379 1150 3445 coniunctionem

153 3460 456 3547 'consociationem
476 3461 542 3526 lioc
558 3473 669 3528 autem
687 3465 983 3551 compositionem,
1005 3488 1069 3553 qua
1094 3488 1147 3530 res

152 3548 325 3632 attingunt
341 3557 395 3610 aut
420 3552 455 3611 se
478 3546 663 3636 excipiunt,
686 3548 863 3637 significat,
883 3551 993 3617 Latini
1016 3573 1083 3616 uno
1099 3573 1150 3618 ver

160 3630 460 3719 comprehendunt.

247 3723 277 3781 1.
300 3715 405 3802 Igitur
419 3720 569 3805 primum
587 3719 781 3785 comitatum
800 3729 833 3784 et
857 3722 1048 3787 societatem
1076 3720 1149 3810 sign

163 3809 232 3882 cate
247 3800 347 3888 quod
369 3813 489 3869 uotum
513 3816 573 3871 est.
614 3805 755 3869 Additur
775 3804 944 3872 interdum
963 3831 1046 3875 aaa.
1097 3811 1150 3873 Aa

161 3904 231 3951 uno
246 3884 312 3953 hoc
330 3888 570 3955 coniunctionis
593 3891 731 3954 nomino
776 3903 891 3956 assunt
912 3896 1024 3959 omnia
1047 3916 1083 3960 ea
1109 3916 1149 3965 co

165 3969 352 4060 prehendi,
380 3994 464 4059 quae
485 3980 556 4045 non'
585 3974 625 4039 ab
660 3996 726 4039 uno
750 3913 909 4059 bomine,
944 3978 1001 4044 sed
1031 3978 1150 4045 coniun

165 4078 267 4144 opera
277 4066 439 4145 agantur,
462 4070 495 4127 et
509 4080 593 4157 quas
606 4061 647 4127 ad
661 4059 773 4149 plures
795 4062 946 4129 homines
963 4062 1014 4131 vel
1028 4087 1081 4131 res
1097 4065 1150 4130 ali<

165 4141 271 4208 modo
304 4143 495 4213 coniunctas
534 4146 730 4234 pertineant.
793 4150 946 4215 Attamen
978 4148 1150 4238 distinguer
