2618 4770
481 287 486 311 2
561 253 734 349 amris.
824 310 829 339 .,
1113 264 1174 326 rss

213 413 285 475 Hoc
299 408 481 495 significatu
498 408 570 474 iere
590 431 723 495 semper
740 419 816 494 post
832 410 975 473 nominis
991 412 1171 497 genitivum

129 497 285 581 ponitur:
308 507 416 560 temen
432 517 499 559 non
515 493 601 558 mals
624 505 672 558 est
694 494 866 558 collocatio
888 506 962 559 unte
978 492 1170 580 genitirum,

129 581 354 658 Quinctiliano
379 581 526 651 usitata.
554 581 689 664 Saepius
722 579 754 642 id
784 579 823 643 fit
849 580 884 644 in
911 603 1045 651 caussa.
1075 582 1167 647 isid.

129 665 261 731 Cellnrii
293 669 396 731 Curae
417 675 504 752 post.
541 687 576 750 p.
602 669 655 730 84.
682 666 774 749 (95.).
818 663 1040 731 Reddimann.
1070 667 1110 733 T.
1134 673 1166 733 2.

126 771 164 836 p.
179 753 253 815 244.
284 752 366 815 Cum
383 748 634 839 pronominibus
652 750 864 813 coniunctum
880 753 1073 817 attractione
1088 753 1167 817 assi-

126 837 222 900 milet
240 856 369 914 cesum,
400 847 431 900 et
454 835 573 898 dicitur
593 857 636 898 ea
655 835 797 920 gratia,
819 845 880 898 tva
899 837 1037 922 gratia.

231 936 430 1006 Primigeniam
452 933 679 1003 significationem
700 941 773 988 tenet
795 935 906 987 Plautus
921 920 1023 991 Buceli.
1038 936 1064 1002 l,
1081 935 1166 1002 1,64.

114 1020 119 1063 ‘¹-
194 1040 259 1074 nam
278 1023 306 1072 iri
319 1020 458 1088 flagitium
472 1019 506 1070 sit
519 1035 620 1082 meam,
641 1037 698 1071 ntea
712 1026 738 1072 te
751 1020 886 1088 gratiaci
903 1037 1009 1086 oporam
1022 1023 1087 1074 dare
1102 1022 1169 1073 milti
1242 1014 1244 1019 ’

194 1106 271 1156 etad
286 1121 345 1155 eant
360 1119 465 1170 operam
475 1096 571 1169 facere
587 1110 717 1171 sumptam
739 1104 845 1174 deutvo.
880 1101 1013 1168 Quinctil..
1024 1103 1049 1169 9,
1064 1103 1090 1170 4,
1106 1104 1164 1177 144.

113 1222 118 1233 .
194 1205 229 1238 ne
245 1204 312 1255 qvae
324 1187 379 1238 eivs
394 1186 434 1236 rei
445 1186 538 1254 gratia
547 1187 704 1251 fecerimus,
722 1194 830 1256 propter
843 1204 901 1255 eam
913 1187 1007 1252 secisse
1020 1187 1164 1241 videamur.

194 1271 215 1323 i.
231 1288 258 1331 a.
282 1288 332 1335 nc,
358 1268 460 1337 ‚quibus
482 1270 669 1336 compositioni
690 1270 901 1338 indulserimus,
922 1287 975 1321 non
996 1270 1166 1323 necessitatis

195 1371 305 1419 caussa,
329 1355 428 1407 iecisse
442 1355 584 1418 videamur
599 1363 710 1424 proptor
726 1356 815 1424 ipsam
829 1354 1060 1423 compositionem.
1094 1344 1175 1407 Nem‘
1237 1423 1240 1428 ν

154 1492 157 1499 ,
194 1457 265 1508 quae
288 1438 378 1507 gretia
401 1440 485 1504 fiunt,
520 1438 646 1508 precaria
668 1444 736 1492 sunt.
785 1439 840 1493 Sed
864 1438 1037 1495 scribendum
1057 1438 1166 1493 vitetur

93 1557 96 1571 .
116 1578 119 1583 ,
193 1525 249 1576 eivs
261 1525 371 1592 gratia:
390 1520 452 1575 vide
470 1524 562 1592 peullo
578 1531 645 1593 post.

228 1625 331 1677 Ennius
346 1627 417 1693 apud
432 1625 489 1678 cto.
504 1626 586 1679 Tusa.
600 1625 626 1690 4,
642 1625 685 1692 32,
701 1625 743 1679 69.
768 1633 799 1680 tv
819 1643 860 1680 me
875 1625 974 1679 amoris
987 1624 1072 1695 magi’
1087 1643 1165 1693 qvam

111 1744 115 1752 ι
193 1711 303 1763 honeris
316 1710 454 1763 servavisti
466 1711 568 1780 gratia.
605 1711 662 1763 Cic.
674 1710 777 1764 deNat.
794 1710 820 1762 d.
834 1711 860 1775 2,
876 1708 919 1774 63,
934 1708 993 1762 158.
1012 1715 1166 1777 tantamque

98 1807 102 1813 '
193 1796 283 1858 abest,
309 1802 340 1846 vt
364 1795 428 1846 irasc
450 1794 590 1846 bestiarum
611 1795 691 1846 etiam
714 1812 808 1846 caussa
827 1801 929 1863 parata
945 1793 1013 1858 sint,
1042 1801 1073 1847 vt
1092 1793 1165 1861 ipso·

193 1880 290 1931 bestias
306 1880 439 1931 hominvm
453 1880 548 1948 gratia
559 1874 702 1948 generatis
715 1897 769 1932 esse
785 1879 928 1933 videamus.
952 1879 1063 1933 Terent.
1079 1877 1163 1931 Andr.

192 1961 220 2028 5,
238 1963 263 2029 l,
281 1962 323 2016 lt.
340 1965 492 2032 nuptiarum
504 1964 599 2031 gratia
614 1964 678 2014 haee
694 1971 754 2014 svnt
763 1967 844 2030 sacta
857 1970 934 2032 atqve
948 1963 1052 2031 incepta
1066 1963 1163 2015 amnia.

193 2049 252 2100 (iic.
274 2067 300 2114 p.
315 2044 466 2112 Quinct.,7,
479 2044 522 2096 28.
546 2062 634 2112 qvem,
656 2052 686 2099 vt
701 2047 783 2114 ipsias
799 2045 918 2116 dignitas
935 2047 1033 2114 percit,
1057 2046 1164 2100 iocaris

190 2132 285 2199 gratia
300 2129 414 2180 nomina.
838 2174 842 2181 ,
1124 2140 1132 2167 t

228 2229 397 2299 Simpliciter
412 2246 461 2297 pro
476 2245 571 2283 cavera
589 2228 708 2294 dieitur,
729 2246 784 2283 nen
805 2230 973 2284 athamanto
988 2229 1162 2300 gratificandi

169 2364 172 2369 .
191 2314 321 2379 notione,
345 2314 416 2382 apud
431 2314 542 2366 Sallust.
559 2314 617 2366 cat.
632 2314 674 2380 23,
689 2314 714 2366 l.
733 2331 807 2383 qvem
827 2331 945 2371 caesores
963 2324 1058 2370 senata
1068 2316 1162 2385 pratri

189 2399 287 2467 gratia
304 2406 447 2451 moverant.
472 2399 582 2452 Sueten.
600 2399 655 2451 Tit.
670 2399 696 2451 2.

228 2501 306 2553 Caes.
314 2502 384 2554 Bell.
393 2501 458 2569 gall.
467 2499 544 2564 253.
561 2502 663 2570 legatos
673 2503 709 2554 ari
719 2503 856 2555 Caesarem
869 2502 911 2555 svi
923 2501 1063 2572 purgandi
1069 2502 1163 2571 gratia

192 2585 308 2638 mittant.
341 2586 397 2637 cte.
414 2586 447 2636 de
469 2584 530 2637 Fin.
551 2584 577 2649 l,
600 2585 641 2649 10,
660 2584 703 2638 36.
727 2595 757 2638 vt
778 2595 824 2639 avt
841 2589 989 2654 voluptates
1006 2587 1162 2639 omittantur

190 2670 320 2722 maiorum
333 2671 496 2738 voluptatum
509 2671 737 2738 adipiscendarum
752 2689 859 2735 cerusa,
875 2675 923 2722 arrt
937 2672 1038 2735 dolores
1052 2671 1162 2737 svscipi-

191 2749 273 2806 antvr
285 2755 414 2806 maiorum
424 2742 759 2822 doiorameffvgierniorvm
768 2757 871 2824 gratio.
889 2755 1001 2805 Sallust.
1017 2754 1076 2824 lug.
1085 2751 1160 2818 61,4.

189 2855 223 2889 uc
236 2839 322 2906 primo
342 2839 437 2906 efficit,
461 2841 503 2891 vti
523 2840 560 2891 vd
584 2856 611 2890 se
631 2840 791 2906 colloquendi
812 2839 906 2907 gratia
927 2839 1041 2889 occultas
1062 2839 1165 2903 veniat,

191 2922 254 2987 Qua
268 2922 386 2974 dictione
401 2921 527 2990 gerundii
537 2939 617 2973 nemo
632 2922 740 2990 saepius
756 2923 843 2975 utitur
861 2939 941 2989 quarn
956 2921 1110 2985 Sallustius.

221 3024 309 3076 Pleni.
326 3024 424 3076 Pscurl.
448 3023 473 3088 5,
494 3023 519 3089 2,
543 3024 567 3075 3.
594 3043 659 3090 nam
679 3043 738 3077 mea
758 3026 852 3095 gratia
871 3025 1050 3093 pertimescit?
1073 3025 1164 3078 Stich..

190 3106 282 3172 5,1‚5.
301 3109 346 3176 qai
359 3109 442 3159 nitito
456 3108 525 3160 ocius
538 3109 608 3160 venit
623 3117 711 3161 tamen
727 3112 778 3162 ivae
791 3112 894 3179 gratia.
928 3110 1026 3160 Pseud.
1035 3108 1161 3174 1,e,138.

189 3207 260 3242 nanc
272 3195 325 3242 nort
341 3194 415 3242 abire
428 3200 525 3243 certam
546 3200 584 3245 est
604 3194 669 3245 istac
689 3195 791 3263 gratia.
820 3194 932 3245 Terent.
956 3195 1038 3246 Andr.
1053 3193 1079 3258 3,
1094 3192 1119 3258 4,
1134 3192 1158 3246 8.

190 3275 236 3326 seri
250 3291 281 3327 aa
295 3276 389 3344 gratia
402 3276 539 3339 simulavi,
557 3294 601 3328 vos
617 3284 646 3327 vt
664 3285 872 3345 pertemptatum.

224 3358 328 3426 Ennius
340 3359 410 3426 apud
426 3359 482 3412 Cic.
499 3359 532 3412 ds
542 3360 604 3412 Nat.
614 3360 638 3411 d.
645 3359 671 3425 3,
679 3359 722 3425 26,
731 3359 774 3414 et.
791 3362 820 3413 id
835 3380 867 3415 ev
879 3364 993 3432 gratia,
1008 3368 1085 3427 vt—
1101 3364 1162 3432 ipsa

131 3508 134 3514 .
189 3444 292 3496 interea
307 3446 442 3512 effugeret.

224 3528 335 3579 Terent.
352 3528 424 3579 Eun.
437 3528 462 3590 l,
478 3528 503 3591 2,
519 3527 562 3580 Ἱ9.
590 3530 635 3580 ilic
651 3529 791 3596 recipitur:
822 3549 875 3598 pan
893 3529 1011 3603 gretia?
1033 3532 1099 3597 1,2,
1116 3531 1158 3584 19.

188 3613 233 3665 seri
247 3612 297 3663 itae
311 3628 363 3679 qva
379 3614 472 3680 gratia
487 3619 512 3663 te
525 3615 622 3666 accersi
638 3613 714 3677 iussi,
733 3615 862 3667 avscvitv.
937 3609 939 3613 ’

217 3694 328 3762 'leian
336 3694 364 3746 in
373 3695 435 3762 ntg.
444 3694 469 3758 7,
480 3697 506 3759 l,
515 3697 557 3749 21.
578 3699 671 3749 sivero
686 3699 759 3749 iteras
772 3700 908 3751 institutas
921 3702 972 3763 sit,
986 3703 1027 3751 vel
1041 3703 1160 3768 legatam

189 3780 329 3847 acceperit,
354 3781 440 3830 liabeo
455 3781 612 3849 distinguit,
638 3783 709 3832 cuivs
730 3784 824 3850 gratia
844 3786 885 3835 vel
907 3786 980 3835 ireres
1001 3785 1158 3848 instituitur,

187 3866 228 3915 vei
242 3866 359 3933 legatam
383 3865 488 3932 accepit.
524 3865 653 3930 Quinctil.
670 3865 695 3928 4,
711 3866 738 3926 9,
755 3865 813 3918 144.
832 3869 877 3918 sed
891 3885 973 3935 nepae
987 3869 1158 3936 longioribus,

188 3965 268 4020 qvam
285 3954 399 4015 eportet,
417 3949 568 4016 hyperbatis
586 3951 765 4017 compositioni
780 3952 939 4016 serviamus,
959 3970 1005 4016 ne,
1023 3971 1090 4020 qvae
1104 3953 1159 4004 eive

186 4033 282 4104 gratia
298 4031 455 4097 fecerimus,
477 4039 588 4102 propter
609 4050 666 4087 eata
682 4037 777 4100 secisse
798 4035 942 4090 videamur.
987 4036 1031 4090 liu
1053 4027 1160 4090 codices

800 4119 870 4182 48·
