2618 4770
291 326 304 355 .
534 279 615 346 EX.
1031 287 1095 349 637

120 448 165 495 rat
180 459 194 493 e
209 440 298 492 debore
314 443 391 506 atque
409 453 442 488 er
465 437 512 488 troc
531 432 828 498 miserescentem,
863 437 932 488 ritem
952 440 1015 506 quin
1034 442 1096 492 oiim

120 530 149 579 in
164 528 232 577 buno
254 532 315 576 sunt
336 523 491 573 constitutae
513 520 632 587 nuptiae.
664 518 739 570 eurr.
755 517 781 581 3,
797 519 822 578 1,
837 518 879 571 lt.
913 523 1095 589 structure,

78 633 87 649 ·
122 612 214 662 timere
229 628 261 660 ex
278 609 368 675 aliqua
387 622 422 656 re.
439 605 517 667 vide,
535 619 604 670 quae
619 603 734 654 eontulit
747 603 854 671 Lipsius
871 605 904 655 ud
920 608 1009 660 Tacit.
1026 611 1095 662 Αιιιι.

121 695 146 756 1,
160 694 203 745 29.
240 691 327 744 Tacit.
344 687 525 753 Αιιιι.11,26.
548 695 630 738 metus
646 705 678 738 ex
693 689 866 754 imperatore,
892 694 1047 760 contemptio
1063 713 1096 745 ex

121 778 252 829 barbaris.
278 776 303 837 1,
325 773 368 824 29.
385 771 466 836 238.
490 769 562 822 Hist.
577 770 604 834 2,
621 769 664 822 67.
698 772 764 839 Agr.
779 771 822 825 16.
847 792 880 824 ex
897 775 987 843 legato
1010 779 1096 829 timor.

120 862 187 913 Αιιιι.
197 861 222 923 1,
231 859 273 912 86.
290 858 428 909 incudem
443 854 823 908 sententiosimulaohihuur
843 878 868 910 a.
899 860 942 910 Cf.¹
957 860 1102 913 Schworn.
1160 874 1165 886 ¹

121 945 157 998 ud
169 944 239 996 Plio.
256 944 323 994 Ριιιι.
341 941 383 994 96.
420 941 530 992 Sallust.
550 941 609 1008 lug.
625 938 667 1004 32,
684 937 710 992 5.
736 943 907 993 eitinridoet
922 961 953 994 err
968 947 1098 997 conscien-

119 1032 160 1082 tia
181 1027 318 1094 diffidenti
342 1029 417 1078 rebus
439 1027 493 1077 sois
513 1025 665 1094 persuadet.
697 1024 757 1077 vid.
775 1027 849 1078 Cort.
864 1027 941 1080 adh.
959 1031 976 1082 l.
1008 1040 1035 1083 et
1062 1030 1098 1083 ad
1199 1029 1202 1034 ’

123 1115 182 1166 Get.
199 1111 242 1175 35,
255 1111 293 1162 2.
333 1157 337 1166 .

155 1215 227 1267 Plin.
242 1211 329 1280 Epist.
342 1210 368 1275 9,
385 1211 428 1277 22,
444 1208 469 1263 3.
495 1229 561 1279 quae
578 1211 717 1292 (litterae)
741 1213 905 1281 experiente
920 1217 975 1269 eius
993 1225 1100 1270 tentum

119 1300 260 1352 discrimen
283 1299 421 1361 adierunt,
459 1304 585 1366 wantum
606 1314 639 1348 ex
661 1299 745 1348 solute
767 1299 873 1366 gloriae
902 1309 1098 1370 consequuntur.

123 1386 213 1438 Ptaur.
229 1384 312 1435 Poen.
328 1380 353 1446 5,
362 1380 387 1445 5,
394 1380 436 1434 49.
465 1398 593 1449 quumque
607 1398 621 1431 e
635 1382 731 1433 virtute
747 1383 819 1434 vobis
829 1385 945 1448 fortuna
961 1387 1064 1455 obtigit.

158 1488 269 1540 Sallust.
286 1486 347 1552 lug.
363 1483 405 1546 69,
419 1484 445 1535 2.
478 1485 508 1535 ob
529 1500 561 1534 ea
582 1486 671 1535 consui
695 1479 808 1536 Albinus
830 1504 863 1537 ex
886 1487 979 1537 delicto
999 1490 1099 1553 fratris

122 1571 250 1624 invidiam
267 1587 297 1620 ac
311 1569 404 1619 deinde
417 1567 561 1634 periculum
583 1569 689 1631 timens,
716 1577 835 1621 senatum
859 1571 891 1621 de
907 1572 1016 1635 foedere
1038 1589 1100 1622 con-

121 1659 230 1711 sulebat.
255 1653 311 1706 cte.
328 1671 354 1720 p.
369 1653 450 1703 Roso.
461 1653 535 1703 Corn.
556 1649 599 1716 16,
613 1651 655 1704 46.
674 1671 726 1704 non
743 1654 810 1705 enirn
826 1673 858 1705 erc
874 1656 995 1722 pactione
1009 1659 1100 1708 nerbo-

122 1758 198 1803 wm,
226 1728 318 1806 affixe
339 1738 524 1789 iusiurandum
546 1738 786 1805 comprehenditur,
815 1741 861 1790 seri
882 1757 915 1790 ex
936 1738 1053 1806 perfidia
1074 1748 1100 1792 et

123 1824 235 1887 molitio,
251 1840 299 1891 per
315 1840 392 1890 quom
407 1822 520 1873 insidiae
534 1822 677 1872 tenduntnr
691 1823 779 1886 alicui,
795 1817 1007 1874 dii‘immortales
1018 1825 1100 1874 bomi-

122 1910 198 1960 nibus
211 1909 290 1959 irasci
316 1914 340 1958 et
361 1922 507 1957 succensere
524 1913 687 1957 consuerunt.
719 1907 766 1957 Sic
786 1926 819 1958 ex
835 1908 935 1958 ininrio
955 1907 1099 1970 insoniunt,

123 1992 170 2060 qui
184 1991 313 2043 iniuriam
330 1995 503 2056 occeperunt.
529 1989 640 2040 Terent.
656 1991 829 2055 Ao.2‚1‚43.
855 1995 895 2043 De
910 1993 972 2044 loco
987 1992 1061 2043 Livii
1074 1992 1100 2057 ἵ,

120 2076 219 2141 6916.
239 2075 293 2125 vid.
310 2075 474 2140 interpretes
489 2076 517 2122 ot
530 2088 578 2123 noe
592 2072 674 2125 intro.

158 2177 229 2228 Plin.
244 2177 311 2227 Pan.
333 2173 376 2237 99,
398 2173 424 2225 2.
453 2164 536 2224 malos
556 2174 689 2240 principes
707 2175 802 2226 rectius
815 2179 1000 2246 pulchriusque
1015 2143 1054 2232 est
1065 2188 1102 2233 tx

125 2260 303 2312 communibus
318 2259 422 2310 iniuriis
438 2258 521 2309 odiose
535 2274 614 2325 quam
630 2259 754 2325 propriis.

160 2363 271 2414 Sallust.
286 2358 348 2428 l'ug.
363 2359 445 2425 48,
427 2361 453 2411 9.
480 2361 509 2410 in
525 2376 597 2428 spem
612 2359 737 2412 uictoriae
752 2336 881 2415 adcinctus
899 2383 933 2417 ex
947 2367 1102 2434 opportuni·

123 2448 251 2500 totetoei.
285 2445 523 2508 ou‚1.oectosex
539 2446 605 2498 anni
620 2453 735 2535 temporo
748 2448 798 2500 et
788 2450 879 2547 inopia
894 2468 995 2519 aquae,
1012 2468 1045 2502 ne
1058 2451 1104 2503 siti

124 2535 295 2600 conficeretur
311 2531 446 2582 exereitus.
753 2566 754 2571 ,
796 2556 814 2593 u

158 2635 246 2688 Notae
261 2639 322 2686 sunt
339 2632 474 2684 formulae
490 2648 523 2684 ex
541 2649 574 2684 ee
589 2650 698 2696 causeo,
717 2649 750 2684 err
770 2631 862 2684 eadem
875 2651 975 2688 caussa.
1005 2635 1100 2688 Senec.

124 2720 186 2773 Nat.
203 2738 247 2787 qu.
261 2720 285 2782 1,
295 2720 319 2770 1.
335 2736 367 2769 erc
383 2736 414 2768 oa
429 2735 465 2768 re.
502 2717 612 2770 Terent.
621 2715 757 2782 Hoc.3,l‚
767 2718 808 2769 19.
824 2707 876 2786 pua
892 2738 924 2770 ex
939 2739 974 2772 re.
994 2722 1101 2772 corriel.

123 2806 185 2857 Dat.
195 2805 221 2868 2,
233 2804 257 2856 1.
284 2803 374 2856 Tacit.
390 2802 459 2854 Αιιιι.
476 2798 518 2865 16,
532 2799 573 2852 15.
594 2820 687 2855 caussa
698 2805 851 2868 festinandi
866 2821 899 2854 ox
914 2822 942 2854 eo
958 2806 1100 2868 oriebatur,

123 2890 192 2956 qnod
205 2890 296 2954 ete.l‚
304 2884 330 2942 7.
349 2905 442 2940 caussa
456 2886 601 2953 praecipua
616 2905 649 2937 ex
658 2889 815 2955 tormidine,
834 2906 868 2939 ne
887 2890 1101 2940 Germanicus-

126 2973 247 3024 babere'
236 2975 375 3040 imperium
396 2987 475 3038 quam
497 2977 648 3038 exspectare
667 2974 766 3023 mutiet.
793 2970 827 3023 de
843 2989 896 3039 qua
908 2973 1031 3024 dictione
1049 2974 1100 3026 vio.

126 3055 290 3122 Wopkens.
281 3075 310 3108 ιιι
326 3055 402 3109 Actis
418 3052 539 3106 Treieet.
568 3054 601 3106 Τ.
617 3053 643 3106 4.
660 3073 687 3122 p.
701 3055 787 3134 366..

156 3156 278 3211 Nimium
300 3157 406 3210 subtilis
423 3161 450 3207 et
468 3155 539 3207 falsa
564 3161 605 3209 est
626 3155 831 3224 interpretatio,
859 3175 913 3226 que
927 3112 1082 3228 leiunnc
1074 3179 1101 3215 ιιι

124 3240 188 3308 Dig
208 3239 249 3305 47,
266 3241 291 3305 9,
306 3245 330 3296 1.
352 3243 438 3294 verbo
460 3232 710 3307 obtrectatoris,
731 3244 777 3309 poi
796 3259 831 3293 ex
851 3244 986 3308 incendio,
1012 3248 1099 3310 ruina,

123 3327 321 3394 naufragio—
345 3329 407 3396 quid
422 3327 541 3394 rapuisse
554 3326 669 3391 dicetur,
690 3345 743 3379 ιιοιι
757 3327 912 3395 significare
926 3336 1005 3396 putot
1022 3349 1054 3382 ex
1071 3349 1100 3383 oo

123 3410 196 3471 ioco,
215 3429 263 3477 quo
279 3411 425 3462 incendium
436 3413 490 3495 sit,
510 3410 557 3462 sed
570 3413 826 3478 proptertnrnultum
841 3413 956 3465 incendii
969 3417 1010 3467 uel
1019 3418 1100 3485 tropi

127 3493 269 3546 dationem.
306 3493 402 3561 Accipi
418 3501 526 3561 poterat
540 3512 590 3563 pro
606 3497 634 3547 in
647 3496 775 3549 inccndio.

138 3593 191 3656 41.
163 3595 410 3692 tscriptores
437 3596 607 3679 quidam
598 3620 668 3683 ipsa
694 3597 783 3661 subs
771 3599 892 3667 ιιιιιιι
900 3620 986 3697 per
1016 3599 1100 3664 hone

55 3680 338 3764 praepositionem
369 3683 632 3764 coniunxerunt,
672 3693 709 3746 ut
740 3685 789 3748 sei
823 3683 985 3768 originem
1011 3686 1099 3748 indi-

55 3775 178 3826 curent.

159 3866 253 3917 Celsus
263 3864 286 3928 1,
294 3862 319 3916 5.
336 3865 449 3917 subitum
461 3883 494 3918 ex
509 3869 645 3936 repentino
660 3866 749 3918 nubilo
758 3867 865 3936 frigus.
881 3867 906 3931 4,
914 3867 938 3919 6.
954 3885 986 3917 ex
1000 3885 1100 3918 czeruen

122 3952 242 4001 vomitus.
288 3949 348 4000 Liv.
364 3949 390 4012 2,
406 3950 448 4014 51,
465 3950 489 4004 6.
518 3970 551 4004 ex
572 3954 622 4004 irae
643 3952 717 4003 clade
739 3963 817 4003 atrox
834 3955 877 4003 ira
892 3952 1098 4002 maiorisclndic

121 4051 215 4086 caussa
231 4025 309 4100 atque
323 4035 428 4086 initium
441 4037 507 4100 fuit.
535 4037 554 4088 i.
570 4053 594 4087 e.
620 4020 777 4099 ira-excae
794 4035 871 4087 clodo
886 4041 953 4086 orta.
982 4034 1055 4088 Flos.
1073 4034 1097 4100 4,

121 4116 164 4183 16,
179 4116 205 4171 8.
225 4136 278 4172 non
292 4119 379 4172 mutor
391 4136 424 4176 ee
439 4112 511 4191 apsa
521 4128 613 4192 postea
628 4104 758 4189 pnamtcb
772 4120 888 4173 mnibus
903 4118 998 4173 clades.
