2618 4770
200 264 267 336 m
380 276 384 285 “
585 358 590 373 ,
636 282 642 293 ’
694 256 767 333 ET*

210 446 214 451 -
268 421 288 487 1.
307 438 334 492 q.
360 420 389 475 st
406 417 555 501 minimo
570 415 682 488 agmine
696 432 901 488 noan-qnam
918 423 977 473 etc.
998 418 1111 476 Sueten
1136 424 1216 479 vuer.
1231 423 1260 480 ὃ.

186 550 188 555 .
267 507 365 564 πισταίι
381 500 469 562 aaa
483 504 596 561 sinna
610 504 772 560 laasrlaoa‘a
790 504 900 569 cilicia,
918 504 964 557 aad
979 504 1051 559 arsat
1069 515 1194 576 tenpore.

209 706 212 711 .
283 643 428 711 l..8uut
450 662 531 708 vero
556 641 628 728 ipsa
651 616 752 711 verba
783 639 1042 731 consideranda,
1075 645 1261 731 inquibus

143 790 151 801 ,
199 731 340 831 propris
371 728 557 802 admittitur
586 724 668 793 haec
703 727 859 791 inversio.
922 729 1030 815 Atque
1058 729 1261 797 mirabiliter

200 829 352 903 mancos,
375 814 473 883 etiam
492 813 661 961 optimos²
678 810 797 877 fefellit
821 811 969 879 formula
964 827 1146 965 Q
1172 839 1259 902 quae

199 922 305 991 quum
318 899 353 967 in
369 909 437 969 tam
452 919 510 965 mu
525 897 565 962 tis
580 896 664 961 locis
680 898 882 989 reperiatur,
901 906 934 963 et
950 922 1011 965 sun
1017 925 1037 990 p
1052 922 1196 967 ictssima
1218 927 1258 967 ac

140 1023 144 1029 -
199 984 429 1071 reparatione
454 982 689 1061 confirmetur,
727 984 913 1057 cavendum
938 986 1021 1066 erit,
1056 1008 1099 1053 ue
1121 986 1258 1077 impru-

201 1072 320 1143 denter
333 1068 566 1141 admoveamus
582 1066 774 1153 machinas,
824 1068 921 1141 uibus
932 1080 1169 1142 removeantur
1184 1074 1256 1139 dif-

200 1152 379 1242 ficultates,
408 1177 492 1242 quae
514 1176 584 1226 non
609 1154 743 1229 adsunt.
786 1094 1145 1247 'iiamenpermultam
1170 1182 1254 1247 ope-

197 1266 273 1311 ram
298 1242 361 1323 viri
385 1240 474 1309 docti
503 1240 781 1327 consumpserunt
803 1241 839 1315 in
864 1241 1126 1319 demonstranda
1146 1247 1252 1332 negli-

28 1320 33 1329 ’
90 1392 94 1399 ,
184 1329 309 1429 pontia
325 1336 438 1417 grata,L
475 1348 541 1415 qua
563 1325 683 1401 Cicero
705 1325 805 1401 abet
838 1327 1036 1403 seutentiam
1060 1329 1255 1418 bipartitam

156 1426 160 1431 '
198 1428 272 1481 vnce
298 1415 394 1493 isset,
420 1410 487 1485 ‘sed
512 1411 649 1486 alteram
678 1424 807 1500 partem
838 1413 1024 1495 omisisset,
1058 1425 1157 1503 atque
1187 1416 1253 1482 alio

197 1520 258 1567 mo
283 1520 305 1565 o
329 1499 515 1569 orationem
540 1497 784 1573 continuasseta
817 1520 879 1563 nec
901 1500 978 1564 satis
1001 1510 1254 1587 reputaverunt,

224 1606 302 1652 nam
326 1580 569 1672 ineptum‘lioc
592 1579 735 1660 fuisset‚¹
766 1582 830 1647 nisi
854 1583 958 1649 animi
987 1588 1172 1667 commotio
1196 1599 1256 1652 aut

197 1608 263 1738 iiia
285 1690 398 1743 caussa
419 1666 669 1745 intercessisset.
708 1664 825 1754 Neque
848 1690 927 1735 vero
953 1671 1167 1758 intelligitur,
1194 1696 1256 1739 cur

198 1758 322 1834 Cicero,
337 1774 470 1841 semper
487 1760 564 1840 post
581 1752 680 1820 verba
700 1756 792 1828 num.
808 1765 860 1835 et,
888 1756 1087 1842 cogitatione
1109 1759 1254 1838 turbata,

163 1906 166 1911 .
199 1840 386 1911 orationem
415 1837 610 1913 formaverit
636 1838 872 1916 inconcinnam
904 1841 951 1909 et'
967 1842 1130 1917 claudam.
1184 1846 1253 1910 Sed

88 1954 98 2003 ¹.
197 1927 309 1993 omnis
333 1924 390 1996 hie
410 1921 752 2019 fflssfflttfflttisslr
773 1944 833 2001 co,
870 1925 966 2017 qnod--
978 1939 1114 2026 partem
1142 1951 1257 1995 enun-

116 2044 121 2051 ·
196 2010 345 2077 tintinnis
361 2009 466 2087 bant,
490 2019 631 2104 QAE
653 2008 753 2079 habet
786 2082 789 2087 ,
818 2014 1196 2105 mamma,
1220 2028 1254 2082 et

178 2098 336 2197 salteram
352 2095 476 2179 misti.
495 2116 599 2183 quum
613 2081 671 2166 illa
683 2033 830 2160 secunda
844 2108 897 2177 stt,
921 2108 953 2161 et
970 2100 1077 2184 prima
1094 2123 1135 2164 ex
1148 2121 1253 2190 supe-¹

197 2142 505 2267 nonbddidtffigi'
519 2179 649 2253 debeat.
685 2181 785 2255 llam
803 2193 897 2263 recte
919 2182 1040 2255 dicitur
1056 2209 1142 2260 num
1158 2198 1192 2262 et
1207 2225 1252 2236 -

58 2334 63 2344 ,
83 2272 87 2283 ’
192 2280 253 2344 at,
280 2266 339 2336 sed
352 2276 502 2336 mutatur
517 2268 604 2333 ratio
621 2265 724 2341 altera
744 2266 853 2355 prima
869 2278 964 2354 parta
979 2292 1047 2336 nou
1066 2270 1175 2342 verbis
1190 2295 1253 2337 ex-

171 2348 173 2356 ’
198 2376 323 2443 pressa.
373 2352 484 2426 Latini
507 2352 597 2426 enini
618 2352 726 2425 tribus
745 2363 886 2416 utuntur
906 2351 1250 2433 formulissimilibus

186 2440 333 2519 etenim,
351 2448 383 2502 et
400 2460 483 2502 nam
495 2448 539 2515 et,
552 2449 584 2500 st
597 2459 753 2524 namque,
770 2439 826 2503 sed
844 2439 972 2510 diverso
988 2464 1096 2507 sensu.
1128 2445 1250 2509 Graeci

155 2560 160 2589 t
200 2526 314 2592 dicunt
334 2525 386 2588 acl
406 2521 478 2609 yda,
499 2546 530 2586 τε
552 2520 608 2609 γὰρ
630 2535 663 2589 et
679 2524 881 2615 antiquiores
898 2523 953 2611 γάρ
973 2551 1016 2599 τε,
1047 2529 1109 2592 Per
1123 2531 1251 2593 etenim

156 2606 161 2679 Ι
196 2611 342 2675 nectitur
366 2621 437 2673 tota
460 2610 639 2689 sententia,
668 2630 749 2694 quae
773 2608 826 2677 alii
847 2613 1023 2677 sententiae
1047 2616 1252 2700 comproba-

158 2700 161 2725 ⁵
195 2697 325 2763 tionem
349 2694 495 2781 adiiciat²
536 2693 644 2768 sedin
663 2716 748 2767 nam
769 2707 800 2761 et
821 2697 994 2762 attrahitur
1018 2700 1113 2776 unius
1132 2702 1251 2764 nomi-

131 2844 133 2853 ,
195 2783 248 2845 nis
264 2782 376 2860 notio,
405 2802 487 2864 quac
509 2801 545 2842 in
569 2780 844 2876 comprobatione
868 2792 923 2847 aut
945 2785 1128 2850 maximum
1152 2786 1249 2868 valet,

198 2877 255 2930 ant
271 2888 346 2929 cum
361 2865 432 2931 aliis
446 2865 544 2929 rebus
557 2867 780 2963 componitur.
815 2868 910 2933 Vnde
926 2873 1071 2934 nascitur
1085 2871 1249 2942 intensiva

195 2953 265 3030 vis,
289 2973 388 3039 quam
412 2974 429 3016 a
454 2951 635 3038 copulativa
652 2950 811 3043 particula
825 2974 894 3019 non
910 2955 1049 3027 alienam
1066 2979 1138 3020 esse
1152 2969 1249 3021 antea

195 3037 348 3106 vidimus.
391 3038 480 3105 Haeo
499 3052 581 3101 vero
607 3038 655 3101 vis
680 3038 817 3115 anobis
841 3061 910 3104 non
933 3052 1045 3128 potest
1065 3043 1158 3106 reddi
1182 3043 1249 3113 nisi

194 3123 362 3192 vocabulis
386 3123 539 3186 distincte
559 3145 631 3186 rem
653 3122 914 3209 designantibusa
954 3127 1122 3209 neminen,¹
1154 3127 1249 3193 deun

196 3206 296 3282 aben,
318 3208 367 3273 vel
386 3209 483 3278 etiam
499 3208 605 3283 verbis
618 3208 709 3274 dean
722 3211 822 3280 oracli.
851 3211 979 3278 Tamen
996 3235 1064 3279 non
1081 3226 1249 3303 repugnat

74 3328 78 3335 1
167 3368 170 3373 ¹
196 3305 315 3357 natura
347 3294 542 3380 copulativa.
601 3295 829 3379 Pergit-enim
860 3298 965 3362 oratio
997 3298 1112 3372 eodem
1140 3300 1246 3364 modo

133 3390 137 3401 ‘
195 3380 324 3459 iuncta,
348 3380 562 3465 quolagitur
584 3380 670 3462 apud
692 3381 888 3445 Ciceronem
909 3383 1003 3454 Orat.
1018 3395 1103 3471 part.
1120 3388 1249 3466 26,91.
1295 3445 1299 3451 .

195 3476 230 3529 at
251 3463 338 3528 itant
362 3465 555 3537 sitiendum.
599 3465 663 3536 Sed
685 3466 908 3552 praemittitur·
923 3469 1133 3549 coniunctio,
1160 3493 1247 3556 quac

195 3550 320 3615 indicat
342 3552 448 3619 inesse
474 3551 798 3638 comprobationem:
835 3553 928 3637 quasi
957 3555 1055 3618 verba
1074 3556 1248 3620 Ciceronis

194 3658 279 3701 num
295 3649 328 3700 et
344 3637 486 3700 Athenis
502 3638 576 3701 ium
595 3637 652 3700 ille
666 3659 737 3697 mos
755 3659 778 3700 u
789 3635 935 3724 Cecrope
948 3641 1140 3726 pertransit
1164 3664 1247 3728 pro-

195 3724 385 3785 nuntiemus
404 3724 468 3791 ila:
489 3745 585 3799 nam,
603 3732 634 3785 et
651 3720 787 3784 Athenis
804 3723 868 3786 iam
886 3735 945 3795 otc.
987 3727 1099 3804 Quare
1119 3738 1151 3789 et
1176 3750 1248 3790 nou

195 3807 387 3892 negabimus
427 3806 466 3870 ab
499 3806 594 3872 initio
618 3808 797 3889 sententiae
822 3809 969 3893 positum
994 3833 1074 3878 osse.
1137 3814 1249 3898 Atque

196 3891 439 3957 eodemmodo
464 3892 580 3955 Graeci
602 3892 653 3958 καὶ
678 3888 733 3975 γὰρ
758 3893 889 3973 dieunt,
923 3906 1048 3959 utnon
1074 3897 1179 3958 modo
1203 3899 1248 3959 sit

196 3979 339 4057 etenim,
363 3976 421 4041 sed
447 3988 481 4038 ut
504 3977 554 4038 aul
579 3977 619 4039 ad
644 3998 749 4041 tvutuu
773 3979 904 4068 aliquod
930 4003 1053 4046 nomeu
1070 3982 1247 4068 pertineat.

178 4063 274 4136 .Plat.
288 4065 396 4167 Gorg.
414 4085 449 4151 p.
467 4062 541 4134 467.
555 4061 595 4126 Β.
619 4065 670 4135 aui
685 4063 741 4155 γὰρ
756 4071 815 4137 νῦν
832 4064 977 4158 dpoloyci.
1061 4134 1065 4141 ,
