2618 4770
592 263 750 329 EXTRA.
1122 269 1183 328 677

247 426 305 479 cn.
326 423 356 475 in
377 421 480 476 metri.
500 418 564 473 oro.
588 417 630 484 12,
654 415 698 483 aa
721 380 760 472 a
773 425 813 485 a,
839 419 957 484 camo,
972 432 1007 457 -ὴ
1023 424 1099 471 enm
1114 418 1185 471 ene

210 509 398 562 contentionem
427 514 604 572 certamenque
629 510 748 555 nentrum
772 503 948 568 familiariter
972 511 1058 556 tecum
1078 501 1181 569 lapuur.

212 613 239 662 p.
257 595 338 645 Caes.
353 591 396 656 32,
411 589 453 642 et.
473 591 502 642 id
517 588 622 642 tametsi
636 595 711 640 entra
724 602 843 640 caussam
855 596 907 653 est,
924 602 1081 658 percurram
1094 592 1184 639 tamen
1212 606 1219 619 ¹

213 678 293 730 trevi.
316 677 350 727 de
365 674 455 728 Diria.
469 674 496 740 2,
511 672 554 738 19,
569 669 612 724 25.
637 671 742 724 sinitril
752 673 790 737 fit
806 675 991 738 catrafatum,
1009 670 1079 724 nillil
1096 671 1182 722 leuari

210 779 238 813 rc
256 761 349 812 divina
365 766 461 827 potest.
499 757 532 810 In
547 756 625 808 Verr.
639 755 666 821 2,
681 753 724 821 61,
738 753 799 807 m.
825 761 992 824 opponuntur
1014 757 1044 809 in
1064 762 1137 810 sorte
1152 761 1180 809 et
1218 816 1222 828 ι

210 852 290 898 extra
305 850 410 896 sortem.

243 943 463 1010 11139919.
490 944 661 1013 Cephallenia
674 944 803 996 insulaut
820 948 895 993 cntra
917 942 1089 1007 iusffoederir
1103 951 1176 998 emet.

211 1029 344 1099 Quinctil.
360 1027 520 1094 11,3,161.
549 1031 635 1082 minus
658 1029 754 1081 talem
775 1026 945 1080 contentionis
963 1043 1011 1091 en,
1034 1045 1099 1096 puae
1117 1037 1178 1083 eunt

209 1123 288 1170 cntra
301 1115 486 1181 quaestionem.

246 1215 376 1285 Quinctil.
391 1213 474 1280 11,3,
493 1213 553 1269 169.
581 1222 619 1270 est
642 1214 683 1267 tto
705 1213 809 1266 diversa
833 1228 884 1263 oon
906 1219 931 1264 et
948 1227 1016 1279 pene
1035 1215 1114 1265 entra
1136 1229 1181 1266 ar⁴

209 1319 319 1376 ganam.

199 1416 201 1421 '
245 1404 327 1471 Quod
350 1398 534 1454 schwartzius
554 1405 647 1453 monet
668 1400 768 1468 opponi
788 1400 885 1464 infra‚.
910 1410 969 1449 non,
987 1396 1072 1450 alium
1094 1397 1179 1466 signi·

164 1522 167 1527 ν
194 1489 367 1558 ,nationem
387 1485 514 1552 perhibet
535 1501 617 1552 quam
637 1484 776 1537 interioris
797 1481 891 1551 pertis.
917 1481 1024 1535 Pellnd.
1048 1481 1088 1533 da
1100 1483 1143 1534 Re
1157 1499 1179 1533 r.

209 1576 235 1640 3,
248 1574 292 1638 13,
301 1573 331 1625 3.
349 1574 396 1623 leae
412 1578 501 1622 autem
515 1570 635 1632 noueris,
646 1570 709 1636 qaia
726 1569 841 1638 palmes,
858 1565 926 1635 quod
940 1567 1181 1636 extraligaturam

208 1661 323 1730 pendens
335 1657 471 1718 habuerit,
483 1658 577 1732 fructu
590 1652 698 1706 induet:
716 1654 785 1722 quod
797 1654 871 1717 infra
880 1652 1037 1721 ligaturam,
1052 1649 1181 1702 materiae

210 1743 337 1814 sequentis
352 1741 418 1792 anni
431 1738 575 1807 deputabit.
603 1789 606 1794 ,

225 1851 256 1908 2.
284 1842 320 1906 ld
339 1839 534 1905 transfertur
551 1837 658 1918 adid,
690 1838 779 1922 qnod
794 1848 999 1917 removeatur
1016 1847 1071 1900 orit
1084 1857 1179 1922 sepe·
1239 1899 1241 1904 ,

145 1942 252 1997 ratam
274 1929 334 2008 sit,
363 1937 458 2014 atque
479 1924 529 2010 vel
552 1922 775 1988 exclusionem
800 1923 850 1987 vel
871 1922 1057 1988 distantiam
1080 1923 1179 2011 signi-

146 2017 228 2081 fient.

247 2131 305 2183 (lic.
322 2127 357 2179 cd
371 2125 485 2188 Arent,
499 2124 542 2176 24.
572 2123 624 2175 scio
643 2125 759 2191 equidem
779 2126 949 2177 venirenanc
964 2126 1009 2176 nil
1018 2144 1107 2194 posse:
1120 2125 1180 2179 ,sed
1284 2152 1286 2157 ·

209 2214 300 2283 seponi
323 2217 349 2261 ct
369 2208 493 2260 occultari
514 2214 639 2275 possunt,
664 2215 695 2260 ut
715 2215 789 2260 entra
811 2210 918 2260 ruinam
937 2210 990 2260 sint
1011 2227 1084 2273 earn,
1114 2227 1180 2277 puae

210 2296 351 2364 impendet.
391 2290 499 2343 Curtius
520 2282 548 2354 4,
568 2289 594 2354 3,
614 2290 656 2342 29.
675 2293 777 2356 fortias
798 2293 922 2360 quidquid
943 2292 1069 2344 accideret
1089 2293 1179 2355 laturi,

208 2385 232 2436 si
247 2378 410 2433 carissimam
423 2376 465 2427 sui
474 2383 578 2442 partem
594 2382 668 2427 eatra
688 2383 781 2428 sortem
795 2377 905 2445 periculi
921 2377 1181 2428 communetotum

208 2472 275 2520 sent.
307 2461 367 2514 Liv.
383 2458 427 2524 31,
442 2458 484 2522 61,
500 2456 525 2510 9.
544 2458 744 2525 rempublicam
758 2479 811 2512 noa
826 2469 900 2513 entra
914 2478 1010 2513 noxam
1025 2461 1119 2524 mado,
1135 2460 1180 2512 sed

210 2552 290 2604 etiam
305 2554 384 2599 extra
393 2548 500 2610 famam
515 2559 599 2594 norae
616 2545 820 2601 concernendam
833 2562 894 2598 esse.

249 2651 307 2702 Cic.
324 2648 358 2698 de
366 2647 423 2699 lnv.
432 2645 506 2710 1,36,
514 2644 556 2698 64.
579 2653 730 2713 separatam
744 2648 869 2714 quiddam
884 2655 920 2702 est
933 2656 1010 2702 entra
1024 2649 1179 2717 assumptio-

211 2753 269 2789 nem
286 2733 460 2803 approbatio.-
479 2729 548 2799 quod
566 2736 646 2782 antea
663 2730 695 2782 ab
710 2733 893 2800 assumptione.

241 2838 353 2890 Terent.
369 2835 469 2886 fleant.
482 2832 508 2898 2,
523 2832 549 2896 2,
564 2830 613 2885 51..
624 2850 753 2902 magnam
769 2835 818 2887 lma
830 2852 928 2904 puopae
940 2836 1047 2904 signum
1058 2841 1117 2899 est,
1132 2837 1178 2889 do-

209 2922 310 2974 minam
323 2937 377 2973 esre
390 2925 467 2970 entra
484 2918 602 2969 noxiam.

243 3025 332 3074 Eatra
346 3022 393 3073 teti
408 3022 505 3073 iactum
521 3035 573 3070 esse
593 3016 734 3083 dicuntur,
757 3020 805 3087 qni
820 3024 867 3071 eut
889 3021 926 3071 alr
945 3020 1058 3073 nimiam
1073 3019 1180 3087 longin-

212 3105 345 3175 quitatem
354 3104 408 3156 loci
422 3108 469 3156 aut
484 3102 660 3170 propterulia
674 3102 868 3170 impedimenta
880 3119 934 3154 non
948 3109 1094 3174 tanguntur
1109 3104 1179 3158 telis.

212 3189 263 3256 ἔξω
282 3187 387 3268 pitane.
408 3188 462 3239 vid.
481 3189 557 3239 Curt.
572 3187 598 3251 3,
614 3187 694 3251 19,1.
722 3186 747 3250 4,
762 3187 787 3252 2,
801 3186 845 3238 23.

157 3305 160 3311 ’
246 3291 318 3344 ΡΙίη.
333 3290 404 3341 Ilist.
417 3308 443 3342 n.
457 3290 483 3354 3,
492 3289 517 3354 6,
526 3290 568 3342 12.
593 3306 652 3342 mon
663 3291 808 3342 Leucothea
822 3296 948 3357 extraque
962 3296 1123 3358 conspectum
1133 3307 1181 3359 pc-

210 3378 291 3443 logus
313 3375 426 3440 africum
446 3376 591 3444 attingens.
612 3372 633 3425 i.
652 3389 677 3424 a.
702 3378 759 3426 tem
773 3375 855 3443 longe
869 3373 1016 3438 recedens,
1037 3379 1069 3426 nt
1083 3391 1101 3427 a
1117 3392 1181 3429 can-

210 3458 313 3510 tinente
326 3457 447 3524 prospici
462 3473 513 3509 nan
529 3458 621 3526 parsit.

229 3563 260 3622 3.
289 3557 338 3621 Ita
361 3557 577 3622 conficiuntur
600 3559 758 3648 quaedam
784 3559 966 3640 formulae,
1007 3559 1182 3646 inquibus
1277 3593 1279 3597 ·

144 3642 297 3731 plurimis
322 3664 421 3728 quum
446 3645 589 3707 remotio
613 3656 645 3708 et
673 3645 815 3709 exclusio
840 3644 1054 3730 intelligatur,
1084 3645 1181 3708 etiam

144 3729 219 3792 sirie
241 3738 272 3791 et
292 3740 434 3813 praeter
460 3728 569 3791 locum
590 3728 715 3794 habere
732 3739 885 3815 possunt:
917 3741 1014 3793 extra
1037 3728 1184 3815 crrlpam,

147 3824 246 3878 extra
264 3813 474 3897 periculam,
504 3825 601 3877 extra
623 3816 751 3894 iocum,
783 3826 880 3878 extra
900 3813 1039 3876 modam
1063 3813 1103 3876 de
1133 3835 1184 3893 eo,

127 3897 238 3984 .quod
258 3898 397 3961 modum
422 3899 565 3976 excedit,
594 3911 692 3963 extra
711 3918 905 3979 numerum,
930 3899 982 3960 cui
999 3897 1184 3983 opponitur

120 3978 183 4046 'ia
205 4005 362 4061 numera,
392 3994 489 4047 entra
506 3982 678 4067 pretinm,
738 3982 803 4047 aad
831 3982 991 4072 significat
1015 4000 1183 4045 summum

147 4068 301 4153 pretium,
316 4079 414 4134 cntra
422 4067 578 4135 ordinem
591 4079 624 4134 et
632 4068 680 4136 'de
691 4090 728 4137 re
752 4088 789 4135 ue
804 4090 874 4136 non
889 4067 1059 4154 exordiae
1075 4064 1180 4148 factis,
