2618 4770
545 254 656 321 a'rsl.
1047 263 1110 327 605
1171 300 1174 307 .

74 439 117 483 ex
134 416 234 480 altera
251 423 354 501 ,parte
373 414 519 498 priorem
543 409 745 477 sententiam,
762 431 916 476 coercere
937 423 967 478 et
991 412 1113 479 infrin-

74 525 152 591 gere
169 503 332 563 videatur:
357 498 442 560 unde
456 495 513 576 fit,
542 507 578 559 ut
594 496 653 558 hac
669 494 798 559 relativa
814 495 924 560 foima
942 501 1113 585 exprima-

74 602 129 653 tur
144 589 230 651 idern
247 585 336 659 feres
355 583 444 668 quod
458 583 673 647 monstrativa
690 579 850 666 siguificat
870 594 996 648 tamen.
1040 587 1113 650 Hoc

73 674 251 762 proprium
273 681 321 735 est
352 670 453 733 verbo
506 683 701 754 numquam.
756 666 820 729 Sed
849 671 944 731 etium
976 670 1039 733 etsi
1069 672 1114 735 ita

72 768 276 844 usurpatur,
290 754 452 831 adiectum
468 692 539 816 uilis
558 752 742 826 sententiis,
763 753 880 836 quibus
893 753 1014 840 aliquid
1034 779 1114 841 pro·

72 846 254 911 nuntiatur.
313 841 429 905 Graeci
459 838 575 903 dicunt
605 841 709 919 καίπερ
742 842 913 916 etnulnoa„
956 842 1115 904 Germani

70 926 276 1019 gleiclzwoltl
304 936 337 988 et
362 924 527 1007 wiwolal.
582 922 671 987 Nihil
696 924 729 985 in
761 922 813 984 his
846 925 1026 1004 omittitur,
1058 924 1116 990 sed

73 1005 273 1105 praecedens
296 1012 477 1093 sententia,
510 1031 591 1095 quae
616 1009 726 1096 posito
748 1019 865 1072 tamen
888 1022 1056 1073 coercetur
1083 994 1116 1075 el

72 1102 236 1176 relicitur,
257 1097 358 1160 verbo
376 1096 439 1160 elsi
456 1095 622 1173 adhibito,
652 1116 691 1158 ex
707 1092 767 1156 hac
781 1095 969 1167 secundaria
984 1107 1116 1168 senten·
1135 1108 1137 1117 '

74 1189 120 1251 tia
145 1186 285 1270 aliquam
311 1181 594 1261 confirmationem
623 1179 830 1265 adipiscitur:
869 1202 945 1242 nam
971 1176 1057 1265 quo'd
1080 1183 1115 1244 in

73 1274 132 1338 illo
151 1269 350 1356 opponitur,
372 1266 485 1344 inthoc
501 1275 757 1354 praeoccupatur
775 1276 806 1326 et
822 1267 910 1328 iuxta
927 1288 966 1350 op
994 1268 1116 1329 onitur.

76 1360 150 1438 Qua
170 1357 312 1419 dictione
329 1354 354 1416 is
373 1352 504 1438 quoqne
521 1354 640 1432 utitur,
671 1352 728 1437 qai
744 1351 796 1415 vel
814 1352 915 1414 alium
931 1290 1118 1416 veisemet-

75 1445 183 1533 ipsum
202 1441 366 1524 corrigere
385 1439 469 1502 volit.
807 1436 810 1441 ’
875 1440 879 1447 “

83 1640 86 1647 Ι
178 1577 289 1628 Terent.
312 1577 403 1627 Heau.
419 1574 450 1639 2,
471 1570 496 1637 3,
521 1569 564 1624 85.
593 1573 689 1629 larum
713 1558 827 1624 duarum
849 1571 1025 1622 conditionum
1046 1588 1116 1622 nunc

87 1670 90 1675 ⁴
142 1670 230 1713 utram
246 1661 337 1723 malis,
365 1660 440 1711 nider
464 1658 513 1709 etsi
530 1658 577 1708 loc
592 1659 743 1720 consilium,
769 1657 838 1724 qaod
853 1656 923 1724 cepi,
949 1663 1047 1707 rectum
1063 1671 1117 1706 esee
1170 1668 1172 1672 ⁴

142 1755 266 1799 ettotam
280 1746 340 1796 saio.
375 1744 465 1796 Plaut.
481 1743 560 1810 Capt.
574 1741 600 1805 3,
607 1740 634 1806 5,
641 1728 683 1793 86.
700 1743 760 1794 vale
775 1749 852 1810 atque
866 1741 958 1794 salue:
978 1740 1027 1792 etsi
1039 1741 1131 1793 aliter
1156 1779 1159 1786 .

143 1839 172 1884 ul
186 1833 274 1882 dicam
289 1847 379 1882 meres.
673 1826 684 1849 '
1053 1842 1055 1849 ⁴
1107 1838 1110 1843 ·

179 1933 236 1985 (lie.
252 1933 286 1984 ad
301 1933 379 1984 Fam.
394 1931 421 1996 o,
438 1930 463 1995 4,
484 1930 511 1983 3.
535 1943 604 1981 nunc
625 1933 731 1980 tantam
753 1921 875 1979 uidemur
897 1927 1047 1999 inteligere
1064 1938 1119 1982 non

144 2019 297 2072 diuturnam
313 2019 424 2068 bellam:
456 2017 506 2066 etsi
522 2016 551 2065 ld
571 2014 655 2078 ipsum
673 2013 807 2067 nonnullis
827 2014 949 2066 uideatur
970 2032 1048 2066 secus.
1082 2015 1119 2077 el

144 2104 198 2155 An.
214 2099 240 2165 ⁷,
256 2089 286 2152 31
308 2102 387 2152 halet
408 2101 476 2150 enim
498 2092 540 2148 res
560 2095 790 2147 deliberationem:
818 2098 867 2146 etsi
881 2115 911 2148 aa
923 2106 1002 2165 parte
1014 2116 1119 2168 magna

80 2225 81 2228 ,
144 2187 193 2239 tili
209 2184 344 2236 assentior.
379 2183 414 2234 ad
429 2183 484 2233 Att.
500 2179 542 2242 13,
559 2177 600 2254 41.
620 2179 754 2245 utrimque
766 2187 884 2230 nostram
898 2182 1119 2249 idemaoaslltaai

146 2289 199 2322 esse
212 2270 303 2320 delet:
323 2269 372 2318 etsi
395 2268 423 2316 in
445 2283 485 2316 me
507 2265 644 2333 noviores
664 2261 780 2312 iniuriae
796 2269 821 2312 ct
841 2273 907 2315 certe
928 2269 1049 2319 notiores.
1085 2267 1119 2321 tle

83 2402 86 2407 .
145 2354 253 2405 Senect.
269 2350 294 2414 9,
309 2350 352 2413 tu,
369 2351 393 2400 1.
427 2349 516 2414 Saepe
538 2354 578 2399 est
599 2347 669 2398 haec
692 2347 881 2414 parenthetica
894 2348 1000 2403 format
1020 2351 1076 2404 cte.
1091 2351 1120 2404 in

144 2439 221 2487 Verr.
239 2433 265 2499 5,
280 2434 322 2499 31,
339 2435 381 2486 81,
397 2433 444 2484 uhi
462 2433 602 2500 Zumptiu's
617 2433 758 2485 revocavit
772 2434 822 2484 etsi
836 2451 885 2502 pro
900 2438 1012 2488 tametsi.
1094 2444 1126 2477 -·'

183 2539 240 2590 Cic.
257 2538 291 2589 ad
305 2540 359 2589 Att.
376 2537 402 2600 il,
417 2535 458 2588 lo.
476 2537 526 2600 do,
547 2537 580 2590 ulo
594 2553 695 2604 poenas
711 2537 867 2589 temeritatis
882 2557 971 2591 meac:
989 2541 1038 2591 etsi
1053 2557 1120 2607 quae

140 2624 198 2688 fuit
211 2624 260 2673 illa
274 2623 430 2673 temeritas?
449 2620 491 2686 16,
503 2622 528 2674 7.
548 2624 596 2673 etsi
610 2623 672 2691 qaid
690 2622 745 2674 iana
761 2640 826 2690 opas
842 2630 880 2675 est
895 2623 1016 2694 ozollgu?
1046 2683 1048 2687 .
1127 2662 1134 2677 .

182 2723 280 2776 critici
294 2741 494 2792 nonnumquam
517 2724 725 2788 dubitaverunt,
752 2730 843 2776 utrum
860 2725 1044 2778 concessivam
1059 2745 1120 2779 sen·

146 2810 259 2862 tentiam
276 2808 460 2876 superioribus
475 2809 568 2861 verbis
583 2804 773 2872 annecterent,
802 2825 835 2860 an
851 2808 902 2875 iis,
930 2827 999 2876 quae
1021 2827 1120 2877 seque-

146 2890 256 2959 rentur,
280 2900 452 2961 opponerent.
497 2895 557 2960 Qua
580 2893 608 2946 in
631 2892 798 2945 dubitatione
821 2900 848 2946 et
870 2893 904 2945 ad
924 2892 1120 2945 sentcntiarum

145 2979 279 3031 rationem
294 2989 320 3031 et
336 2980 369 3030 ad
385 2978 523 3045 antiquam
539 2978 774 3042 consuetudinem,
798 2977 831 3028 de
848 2993 902 3044 oua
915 2994 941 3029 a.
957 2977 999 3029 1⁰.
1019 2973 1119 3043 dicam,

146 3064 266 3115 animum
287 3062 427 3114 attendere
451 3063 601 3130 oportebat.
636 3061 772 3113 Weiskius
795 3060 823 3112 in
847 3061 966 3128 Sulpicii
983 3062 1072 3132 Epist:
1085 3063 1121 3121 ad

147 3148 203 3198 Cio.
221 3148 247 3210 8,
269 3146 296 3210 5,
314 3147 338 3200 2.
368 3146 436 3198 alios
460 3142 553 3197 erroro
576 3147 666 3212 lapsos
687 3145 844 3196 existimans
868 3145 927 3212 ipse
948 3154 1073 3199 versatur
1090 3146 1140 3217 in·
1234 3142 1236 3149 ⁴

145 3230 289 3283 manifesto
313 3247 414 3282 errore.
455 3231 525 3283 Nam
540 3229 581 3280 ibi
598 3247 650 3280 aaa
670 3237 710 3280 est
726 3226 816 3279 sermo
832 3229 867 3280 de
884 3246 933 3295 eo,
959 3230 1006 3298 qui
1025 3227 1118 3302 coram

148 3315 317 3378 consoletur,
344 3315 391 3367 sed
412 3315 445 3366 de
462 3314 591 3366 universa
603 3312 782 3383 familiarium
798 3313 990 3368 consolatione.
1027 3316 1119 3384 Quare

146 3399 194 3448 etsi
206 3397 306 3448 referri
322 3399 403 3452 debet
417 3400 451 3452 ad
467 3407 571 3464 tamen,
591 3397 662 3467 quod
675 3397 805 3467 sequitur.
970 3403 973 3411 '

57 3528 86 3586 ἰ
163 3539 193 3597 8.
224 3535 294 3596 Hac
321 3539 447 3599 ratione
475 3534 632 3622 componi
662 3546 816 3625 poterant
845 3539 921 3603 'etsi
946 3539 1117 3626 qruamvis,

79 3641 283 3707 qrramqnam
308 3619 389 3696 etsi,
425 3623 548 3685 sedita
577 3621 726 3706 quidem,
754 3634 792 3687 ut
814 3622 955 3689 alterum
982 3626 1118 3689 verbum

77 3716 183 3803 totam
201 3706 394 3803 sententiam
410 3716 612 3792 opponeret,
643 3708 784 3773 alterum
804 3722 930 3775 novom
953 3712 1118 3791 conditio-

76 3814 154 3855 nem
172 3802 328 3854 rnnceret.
550 3874 552 3880 Ι
696 3824 700 3831 v
804 3814 820 3831 ··
925 3825 928 3831 -

182 3910 240 3962 otc.
255 3893 448 3974 auntt.16,'t.
468 3910 539 3962 tecta
556 3927 616 3962 aaa
630 3892 683 3962 tta
701 3894 810 3978 metri,
839 3913 988 3966 marram
1002 3916 1119 3983 anteum
1144 3944 1150 3958 ·

146 4014 218 4060 snm,
246 4001 272 4047 le
294 4003 349 4047 tarn
372 3996 533 4061 veliementer
549 3996 705 4046 sententium
719 4005 903 4050 commutasset
932 4001 977 4051 sed
994 4001 1119 4052 non-sine

146 4098 254 4145 camec,
279 4078 442 4134 arbitrata.
475 4078 938 4150 Elsiqnanuie-nunfnuelaaanmr
950 4091 976 4137 et
990 4085 1117 4154 impulsor
