2664 4756
603 265 738 334 ERGO.
1124 274 1188 343 461

203 435 304 486 secreto
318 446 336 482 α
350 427 486 494 ootoptoto
499 423 678 477 homanorum
691 420 824 490 quaedam
836 420 981 478 rimotooro
994 428 1139 497 virtutem,
1159 432 1191 486 in

202 518 267 586 ipsis
279 513 430 567 hominibus
442 513 543 589 virtus,
559 509 612 561 nisi
627 508 773 577 voluptatis
791 524 900 573 caussa,
917 512 994 563 nullo
1008 516 1081 569 erit?
1104 517 1189 584 Tuto.

202 601 228 666 3,
245 598 288 665 15,
306 596 349 649 31.
376 597 409 648 de
428 596 482 648 Off.
497 595 526 660 1,
542 594 585 658 31,
603 592 663 647 114.
937 600 940 609 ⁸

241 701 298 754 Cic.
314 718 340 768 p.
355 700 439 752 Arch.
453 697 479 763 9,
495 697 539 750 19.
565 714 631 766 crgo
653 695 696 747 tut
712 693 844 757 alienum,
868 692 932 762 quin
945 703 1024 766 poeta
1035 699 1109 765 soit,
1130 709 1191 771 post

203 794 313 841 mortem
326 788 407 838 etiarn
421 789 560 853 expetunt,
576 798 625 833 nos
640 782 709 831 hanc
724 780 829 843 vinnm,
847 781 926 847 quiet
936 781 1072 834 volontate
1082 792 1108 837 et
1122 787 1192 856 legi·
1235 790 1239 799 '

205 875 252 924 tos
266 878 354 923 noster·
368 877 414 933 est,
428 865 649 936 repudiatimnst
670 864 695 928 9,
707 864 752 916 22.
770 881 835 932 ergo
845 864 928 936 itione,
944 869 989 934 qni
999 869 1063 920 tinec
1073 873 1190 938 fecerat,

204 957 330 1010 rodinum
351 955 482 1006 hominem
502 954 615 1006 maiores
632 950 718 1002 nostri
738 950 767 1000 in
788 949 922 1000 civitatem
943 961 1112 1020 receperunts
1140 972 1191 1018 nce

203 1044 272 1095 tnnc
284 1041 475 1092 heracleensem
490 1066 525 1077 -
540 1039 574 1090 de
588 1045 681 1088 nostro
696 1036 804 1086 civitate
819 1032 970 1096 eiiciemnst
993 1035 1027 1087 de
1043 1037 1105 1090 Fin.
1120 1039 1147 1103 2,
1162 1039 1190 1105 4,
1254 1073 1257 1080 ·

201 1127 243 1180 13.
260 1136 329 1195 ergo·
342 1124 384 1176 tui
399 1123 572 1193 intelligunt,
591 1121 795 1190 pnidEpicoros
805 1118 891 1181 dicat,
909 1137 963 1188 ego
977 1139 1031 1172 non
1045 1123 1191 1193 intelligo?

203 1230 230 1281 p.
246 1211 331 1263 Arch.
342 1208 373 1274 Ι8,
388 1207 432 1260 17.
457 1226 522 1278 ergo
532 1209 578 1259 itte
596 1206 711 1274 corporis
726 1211 799 1255 noto
813 1202 919 1255 tanton
934 1222 1049 1257 onorem
1065 1208 1117 1276 siti
1129 1226 1192 1260 oon-
1291 1248 1299 1266 ,

203 1296 349 1346 citioroto
365 1293 440 1345 nobis
457 1295 590 1356 omnibns,
617 1309 665 1343 nos
682 1291 832 1342 animorum
846 1289 1011 1342 incredibiles
1026 1297 1112 1345 motus
1125 1294 1193 1349 cele·

204 1380 360 1444 ritaternque
375 1378 544 1446 ingeniorum
558 1373 746 1445 negligemus?
765 1373 842 1424 Orat.
858 1371 902 1437 51,
917 1372 978 1426 171.

225 1478 427 1543 coeranus
449 1478 489 1540 aa
504 1478 572 1555 ca,
595 1477 635 1540 ae
651 1475 720 1538 rin.
737 1481 769 1555 c,
790 1480 844 1548 ss,
865 1479 936 1538 110.
959 1480 1069 1543 nescio
1095 1470 1137 1544 an
1155 1482 1194 1549 in
1283 1463 1315 1517 f

137 1547 348 1642 universum,
380 1562 568 1642 contendit,
590 1559 640 1624 'in
658 1561 728 1625 -hoc
754 1561 914 1624 orationis
932 1560 1043 1629 forma
1066 1568 1193 1652 requiri
1260 1584 1267 1591 '

138 1653 290 1718 futurum
314 1651 349 1712 in
374 1659 514 1732 utroque
544 1647 708 1709 membro.
753 1647 814 1710 Cui
838 1653 1017 1714 sententiae
1044 1662 1075 1714 et
1100 1654 1193 1718 deest

138 1734 244 1814 ratio,
269 1747 300 1800 et
322 1735 456 1799 obstant
479 1731 632 1818 exempla
656 1731 759 1797 modo
784 1731 879 1797 allata
904 1745 935 1797 et
959 1737 1020 1800 alia
1044 1736 1143 1805 Tusc.
1158 1745 1192 1822 2,

141 1825 191 1903 14,
207 1827 259 1887 24.
284 1823 376 1886 Orat.
392 1823 445 1899 41,
464 1820 536 1884 142.
560 1841 595 1906 p.
620 1816 798 1898 planans,
815 1819 869 1882 49.
912 1821 955 1884 Et
980 1823 1094 1887 reiecit
1116 1847 1192 1890 eam

138 1911 271 1974 Beierus
305 1908 325 1973 Ι.
351 1907 374 1972 l.
424 1905 512 1970 iilud
542 1927 622 1971 vero
654 1912 724 1966 erat
755 1904 1100 1991 animadvertendum,
1132 1903 1193 1978 tibi

138 1998 283 2060 diversae
297 1993 429 2058 formae
446 2000 714 2077 componuntur,
748 1998 780 2052 et
796 2012 949 2077 praesens
965 1995 1015 2058 vel
1032 1998 1192 2080 praeteri·

138 2094 210 2146 tum
236 2081 418 2167 praecedit,
456 2080 598 2162 primam
626 2083 753 2159 perlem
779 2085 872 2138 extra
898 2077 1194 2164 interrogationem

140 2191 208 2233 esse
224 2167 379 2253 positam.
432 2164 509 2241 Quo
532 2161 635 2224 modo
661 2170 769 2244 partes
793 2181 835 2221 ex
860 2183 966 2244 aequo
989 2170 1194 2253 compositae

139 2255 178 2317 ad
205 2252 348 2334 logicam
370 2248 516 2312 formam
545 2245 690 2310 revocari
712 2244 857 2331 possint,
896 2257 929 2308 et
949 2248 1131 2336 Madvigius
1154 2255 1192 2319 in

139 2337 315 2408 Emendat.
336 2357 371 2420 p.
395 2338 447 2397 39.
474 2342 506 2395 et
529 2354 590 2417 ego
620 2331 721 2394 Tom.
738 2336 766 2392 1.
798 2352 831 2415 p.
849 2332 924 2394 349.
954 2332 1192 2405 demonstrari.
1240 2404 1242 2407 .

141 2421 205 2485 Sed
221 2420 370 2482 caussalis
387 2417 564 2506 particula,
594 2439 677 2504 quae
692 2415 845 2479 substitui
859 2427 985 2504 potest,
1006 2421 1113 2507 ipsam
1134 2443 1193 2486 ex-

140 2527 289 2594 pressam
314 2505 475 2569 hubemus
499 2503 584 2592 apud
611 2505 678 2567 Cic.
700 2499 731 2571 T
735 2522 800 2564 uso.
817 2507 847 2576 3,
876 2505 926 2584 15,
945 2506 1012 2570 31.
1030 2529 1113 2594 ergo
1129 2508 1194 2572 troc

145 2591 323 2656 Terentius
345 2615 368 2655 o
382 2589 606 2678 philosophia
622 2600 794 2673 sumptum
812 2612 914 2674 qrrrrm
929 2593 1195 2660 tom'commode

142 2678 287 2757 dixerit,
312 2700 391 2755 nos,
415 2700 432 2741 e
456 2699 597 2763 qrrorum
609 2672 767 2762 sontibus
792 2674 831 2737 iat
851 2677 1009 2742 borretum
1033 2691 1100 2762 est,
1124 2702 1194 2744 noro

112 2832 115 2843 ,
140 2776 173 2828 et
198 2757 348 2828 dicento
367 2764 431 2827 lios
454 2763 574 2827 melius
602 2773 635 2825 et
666 2761 877 2825 coustantius
900 2765 1093 2831 sentiemus.
1136 2766 1192 2829 sio

139 2852 247 2914 Varro
269 2848 309 2912 de
323 2849 419 2936 Ling.
438 2849 496 2913 lat.
521 2852 541 2912 8
565 2847 630 2934 (9),
657 2853 711 2911 23.
741 2844 823 2932 quid
839 2871 939 2935 ergo,
960 2873 1062 2936 quom
1076 2873 1193 2915 omnes
1216 2860 1219 2864 ’

142 2936 282 2999 onimoe
297 2936 473 2998 hominum
487 2935 558 2997 sint
578 2932 709 2997 dioisoe
733 2932 771 2995 in
793 2945 933 2998 octonos
946 2936 1104 3022 parteis,
1129 2959 1194 3004 eoe
1247 2995 1249 2999 ,

142 3020 232 3084 inter
251 3044 286 3084 se
309 3044 377 3084 non
393 3020 622 3106 proportione
644 3013 796 3082 similes?
896 3028 899 3037 '

240 3139 354 3192 Wolfius
368 3141 401 3193 in
422 3140 513 3210 prima
531 3139 650 3196 editione
667 3138 780 3189 Tuscul.
798 3152 860 3188 cum
875 3139 989 3193 uavtsio
1007 3141 1193 3210 circitorum,

192 3221 281 3287 ¹quod
297 3224 392 3276 abesse
407 3226 501 3277 dicunt
517 3226 551 3277 ab
564 3242 618 3276 uno
636 3225 759 3276 alterove
775 3221 887 3275 codice:
914 3225 943 3277 in
964 3225 1084 3277 secunda
1098 3242 1194 3278 rursus

210 3305 324 3374 recepit.
368 3310 488 3362 Orellius
511 3326 577 3362 vero
601 3325 684 3376 quum
705 3307 819 3362 vidisset
842 3310 912 3362 illud
933 3312 1029 3365 dixerit
1055 3328 1072 3363 n
1092 3310 1195 3363 Wolfio

210 3406 259 3455 pro
276 3393 343 3443 dicit
360 3404 519 3462 acceptum,
531 3428 533 3434 ·
543 3400 636 3447 monet
650 3411 709 3448 esse
722 3396 845 3447 futurum
861 3402 994 3450 exactum.
1029 3396 1066 3448 At
1082 3411 1194 3464 compa·

209 3475 267 3527 rnri
288 3484 402 3542 possunt*
421 3480 505 3534 Acnd.
528 3480 554 3544 1,
573 3478 598 3545 4,
620 3480 662 3532 13.
690 3499 755 3552 ergo
776 3482 905 3553 Antiocho
923 3469 956 3533 id
979 3482 1067 3550 magis
1089 3479 1194 3534 tinient
1214 3512 1217 3518 f

210 3562 361 3630 remigrare
381 3564 410 3614 in
433 3564 537 3618 monum
559 3573 672 3619 veterem
695 3584 709 3622 e
730 3584 816 3632 novo,
848 3585 928 3636 quom
949 3568 1023 3620 nobis
1044 3567 1074 3618 in
1095 3580 1195 3620 nocam

210 3647 346 3699 coetero?

226 3769 283 3833 VI.
319 3776 348 3832 1.
371 3767 497 3840 Inhis.
528 3790 611 3854 quae
629 3771 860 3857 exposuimus,
893 3784 1015 3838 autres
1034 3773 1193 3862 intelligi-

141 3866 215 3933 tur,
247 3856 375 3941 quaoli
403 3854 458 3918 uid
483 3851 661 3935 efficiatur,
699 3868 756 3919 aut
786 3880 868 3944 quae
897 3862 1193 3946 exsuperioribus

141 3939 285 4027 pendeat
300 3880 515 4004 conciusione
531 3940 683 4026 quadam.
704 3943 778 4005 ¹Sed
795 3953 872 4006 sunt
886 3945 966 4022 alia,
991 3967 1072 4030 quae
1088 3946 1192 4032 magis
1259 3968 1260 3975 ¹

143 4026 184 4087 ad
201 4026 508 4090 conformationem
519 4027 677 4090 orationis
697 4030 874 4113 pertinent.
894 4058 897 4065 ·
917 4031 1024 4115 Atque
1041 4030 1193 4116 primum

142 4109 171 4174 si
188 4111 260 4193 quis
279 4113 363 4178 dixit
378 4111 510 4180 sereilo
526 4113 566 4177 de
588 4111 707 4198 aliqua
721 4134 768 4177 rer
780 4135 965 4202 exponere,
994 4117 1104 4203 ipsum
1129 4136 1192 4183 ex·
1260 4162 1263 4169 -
