2618 4770
257 179 259 184 .
468 189 470 191 ,
682 159 686 190 .

346 250 347 253 ‘
377 257 378 261 ‘
487 305 488 308 κ
527 258 680 328 arun.
783 232 785 237 ’
819 244 820 249 '
1054 271 1118 338 sss
1254 325 1257 337 ,

165 421 249 479 rano
269 417 350 474 aaa
371 415 484 472 aaaron.
507 416 605 471 cia-a
628 415 671 470 ra
693 414 749 470 vn.
768 432 795 470 n.
809 415 836 471 r.
876 419 934 475 cre.
957 383 992 478 i.
1011 424 1072 482 rin.
1088 426 1116 496 a,

127 506 172 573 2⁰,
185 505 229 559 56.
256 505 320 574 quin
341 505 421 558 etiam
440 504 612 557 inertissimos
624 502 752 569 *dominer
774 530 809 542 -
829 503 948 561 uidemus
969 538 1003 550 -
1025 514 1117 568 animo

77 637 79 639 .
128 590 350 659 nooerisernpcr.
385 587 450 643 atta
463 586 527 640 vide
540 587 570 640 in
589 604 666 641 runo
685 594 713 641 et
733 588 763 640 ia
777 605 852 652 oran.
886 590 943 658 Cic.
958 612 986 662 p.
1001 596 1062 651 Mil.
1071 597 1115 666 19,

126 675 172 731 52.
191 676 334 730 amariter
349 674 538 728 necessarium:
559 673 632 726 iliius
647 674 729 728 etiam
740 674 830 743 potius
845 675 970 733 adenona.

142 784 176 843 6.
199 777 404 873 Atquehaec
423 775 593 874 oppositio
610 796 687 854 non
712 797 845 874 semper
865 779 973 846 verbis
993 788 1152 875 Qu

44 864 183 955 guitur,
207 865 265 928 sed
283 865 328 928 ita
343 875 481 950 ponitur
502 873 628 943 ettam,
657 871 708 939 ut,
731 882 783 924 our
806 884 857 927 res
880 878 1042 952 praestet,
1073 895 1136 939 ex.
1223 902 1225 906 ·
1249 908 1251 913 .

56 939 186 1038 reffdira
203 949 354 1014 oratione
371 949 445 1014 colli
470 949 481 1011 i
498 947 632 1013 debeat:
653 947 754 1012 veluti
770 948 836 1013 Cic.
853 971 887 1036 p.
903 951 974 1020 Mil.
993 962 1044 1039 19,
1060 961 1115 1026 51.

57 1037 186 1104 Miloni
201 1036 309 1100 etiam
326 1034 411 1100 utile
422 971 537 1124 sitisse
549 1032 716 1105 ,Clodium
741 1033 858 1098 virere.
878 1035 912 1101 h.
931 1062 960 1103 e.
982 1051 1115 1114 tantum

41 1124 189 1203 aberat,
212 1133 249 1186 ut
263 1121 296 1186 id
315 1123 455 1186 noxium
463 1115 585 1187 Miloni
603 1130 705 1202 esset,
730 1129 769 1184 ut
783 1121 864 1186 utile
877 1123 907 1188 ei
930 1137 1024 1193 osset.
1046 1131 1114 1200 vid.

57 1210 247 1276 Heumann.
268 1208 308 1272 ad
325 1207 360 1272 h.
373 1204 398 1271 l.
630 1274 631 1278 ,
825 1234 828 1240 ·
870 1229 872 1236 '

166 1327 224 1383 (lie.
240 1343 266 1396 p.
282 1326 346 1380 Mil.
361 1327 405 1393 24,
419 1325 463 1380 64.
489 1332 637 1391 enatorum,
655 1327 828 1397 gladiorum,
840 1333 999 1400 frenorum,
1020 1351 1116 1405 sparo,-
1192 1398 1196 1403 Ι

130 1433 207 1480 rum,
225 1407 395 1485 pilorumque
413 1413 494 1465 etiarn
514 1411 657 1480 multitudo
674 1412 836 1481 deprehendi
847 1412 923 1484 posse
937 1417 1116 1476 indicabatur.

130 1500 162 1553 Ia
177 1499 220 1574 his
240 1516 295 1551 nou
318 1497 398 1550 modo
408 1500 556 1570 vfrenorum
571 1501 730 1564 suspectum
745 1501 800 1564 est,
825 1498 873 1551 sed
897 1503 1031 1568 quomodo
1044 1505 1117 1574 prio-
1200 1514 1201 1517 ’

132 1584 241 1655 rumque
261 1584 342 1638 etiarn
363 1581 505 1635 multitudo
524 1579 647 1645 dicatur,
671 1597 753 1634 nemo
774 1581 906 1639 declarat.
938 1586 1118 1644 Heumauans
1221 1624 1230 1638 .

129 1669 241 1738 quidem
256 1667 392 1736 explicat:
410 1664 539 1718 dicebant
553 1681 607 1716 non
622 1665 704 1716 mado
720 1665 889 1734 deprehendi
901 1668 1033 1737 ibi‘posse
1049 1675 1117 1743 pila,

129 1753 282 1808 sedetiam
304 1753 392 1804 multa
407 1750 481 1820 pila:
505 1750 577 1818 quod
601 1749 723 1817 ineptam
747 1758 826 1805 essct.
869 1753 901 1806 Si
921 1752 1032 1825 integra
1056 1767 1119 1816 sunt

129 1839 231 1905 verba,
253 1843 328 1891 certe
350 1854 384 1890 ea
409 1832 570 1903 iuterpuugi
594 1834 695 1887 debent
715 1834 771 1888 ita:
798 1854 939 1905 sparorum
950 1842 1123 1914 pilorumque

130 1925 227 1990 etium,
251 1923 399 1997 multitudo·
412 1921 439 1973 d.
452 1937 479 1988 p.
496 1921 514 1973 i.
537 1920 557 1972 i.
574 1935 598 1972 e.
620 1920 688 1973 adeo
706 1937 848 1987 sparorum
863 1923 1046 2085 pilliumque.

98 2075 100 2081 ,
165 2027 226 2082 Iiiv.
240 2025 266 2093 3,
280 2025 323 2091 39,
337 2021 365 2077 6.
392 2015 528 2088 uiderent,
556 2039 589 2074 ne
611 2003 779 2075 vetandoin
800 2026 876 2078 curio
921 2029 980 2082 bere
1000 2031 1118 2088 nominer
1240 2022 1243 2026 Α

90 2102 91 2106 “
130 2114 219 2184 ioqui,
239 2119 315 2167 entra
332 2109 433 2162 curiam
449 2107 530 2162 etiarn
542 2113 787 2160 mouereatvocem.
1085 2105 1093 2118 ²
1164 2112 1166 2116 '

146 2237 179 2296 7.
206 2228 339 2296 Inversa
363 2210 412 2294 est
433 2229 490 2296 illa
510 2227 617 2307 ratio,
644 2225 815 2292 sedidem
839 2230 979 2314 modus,
1008 2255 1133 2323 gum·

61 2317 153 2401 aliud
200 2318 257 2381 uid
279 2316 411 2380 additur
458 2335 590 2404 efflas.
612 2311 750 2378 nedum.
785 2313 1014 2382 Conseruntur
1030 2322 1120 2388 enim
1230 2338 1233 2342 “
1289 2340 1293 2360 ·

63 2341 444 2485 ὀῖιῖιῖἶὲΐΐιῑιῖιῖίι
460 2410 537 2470 tera.
550 2400 681 2464 tantum
699 2387 805 2478 adest,
834 2411 872 2465 ut
888 2423 959 2466 non
973 2401 1046 2468 ficri
1064 2395 1121 2471 aut
1142 2432 1152 2445 ι

61 2513 135 2557 non
160 2511 231 2552 esse
253 2490 377 2574 possit,
409 2497 447 2551 ut
463 2486 682 2554 aiteraetiam
698 2497 904 2575 compareat.
948 2488 1019 2555 Nos
1036 2491 1122 2558 Ger·
1258 2486 1259 2491 ’

60 2577 155 2644 mani
175 2574 316 2653 dicimus
337 2573 451 2638 achon.

169 2694 231 2747 Iiiv.
249 2692 275 2760 7,
293 2692 337 2758 40,
355 2690 381 2745 3.
409 2691 561 2759 Quinctius,
594 2709 670 2761 quent
694 2710 832 2747 armorum
853 2694 936 2747 etiam
955 2710 1007 2764 pro
1027 2696 1123 2766 patria
1151 2723 1153 2726 ·

131 2781 244 2834 totietas
258 2781 376 2845 teneret,
400 2781 500 2832 nedum
513 2778 639 2830 aduersus
647 2779 771 2845 patriam
783 2808 818 2816 -
833 2781 871 2831 ad
886 2780 1044 2848 colloquium
1056 2798 1122 2850 pro·

133 2866 218 2918 cessit.
260 2864 372 2918 Sueten.
401 2864 498 2917 Claud.
520 2861 563 2914 40.
587 2862 723 2930 multaque
744 2864 814 2917 talio
836 2865 919 2916 etiam
937 2865 1054 2931 priuatis
1075 2866 1123 2918 de-

110 2950 252 3017 formia,
276 2951 376 3004 nedum
394 2949 512 3017 principi
526 2940 615 3014 'neone
632 2934 779 3011 infacundo
800 2965 882 3016 neque
896 2949 1015 3014 indocto,
1041 2950 1123 3002 immo

134 3037 218 3088 ctiam
230 3034 405 3103 pertinaciter
424 3032 578 3084 literalibus
592 3029 687 3081 studiis
704 3031 801 3101 dedito.
838 3032 983 3083 Golnmeil.
999 3031 1025 3096 8,
1043 3033 1086 3098 11,
1096 3032 1122 3085 1.
1213 3043 1215 3051 ·

118 3119 233 3171 irarum
255 3126 344 3172 uatem
367 3120 446 3171 decor
468 3117 560 3169 ouium
580 3115 663 3166 etiam
685 3121 801 3180 exteros,
826 3117 924 3169 nedum
940 3118 1061 3169 dominos
1076 3118 1123 3170 ad·
1203 3181 1206 3188 (

135 3204 224 3257 lectat.
259 3204 356 3256 Seuce.
371 3201 458 3269 Epist.
471 3199 513 3266 53,
528 3198 562 3253 5.
582 3197 674 3251 Tacit.
689 3199 800 3269 Dialog.
816 3199 897 3267 25‚3.
912 3204 1021 3268 fatetur
1032 3202 1123 3270 piures
1164 3247 1165 3251 ,
1196 3241 1206 3248 .

130 3291 240 3355 formos
253 3289 335 3341 ctiam
350 3289 444 3342 iisdem
456 3285 583 3350 saeculis,
601 3285 700 3336 nedum
715 3286 825 3339 diversis
838 3278 984 3340 exstitisse.

154 3412 186 3472 8.
217 3407 360 3489 Addppit
390 3411 496 3474 etiarn
529 3408 782 3498 compnntjpir,
823 3419 861 3472 ut
884 3407 1048 3495 quantitas
1074 3406 1123 3470 rei

68 3493 178 3558 maior
200 3516 269 3557 esse
297 3516 333 3559 ea
357 3498 485 3560 ratione
533 3503 717 3579 esrgnetur‚
735 3485 783 3556 “u'i
806 3517 876 3574 res,
900 3515 1042 3581 quacum
1068 3492 1123 3557 illa

70 3588 302 3664 eomparatur,
340 3581 411 3667 ipsa
435 3604 503 3645 esse
528 3601 648 3667 magna
673 3591 912 3667 praesumatur.
956 3581 1123 3657 Graecum

44 3667 114 3749 =in
128 3664 162 3727 in
186 3664 251 3728 hoc
269 3685 329 3729 usu
346 3668 421 3731 satis
438 3665 683 3752 frequentatum
709 3677 802 3731 notat
825 3664 983 3744 Matthiae
1007 3665 1123 3729 Gram.
1198 3697 1201 3701 ·

68 3773 104 3836 p.
130 3752 204 3815 852.
249 3751 460 3815 Recentiores
484 3756 660 3838 scriptores
679 3752 879 3840 usurpabant
903 3747 1138 3815 aurinand.

71 3836 174 3899 Tam.
192 3835 218 3899 i.
234 3860 268 3922 p.
289 3838 361 3902 165.
405 3835 499 3917 Quae
518 3837 617 3902 ibide
639 3838 756 3902 ordine
772 3837 952 3918 ver·bo[um
968 3835 1123 3910 diximus,

73 3921 213 3985 adhunc
233 3945 367 4008 quoque
386 3922 581 4009 particulam
604 3918 776 4009 spectante
800 3945 876 3988 naua
905 3924 930 3985 si
949 3939 1141 4003 compara·
1229 3972 1233 3977 .

72 4006 131 4073 tivi
142 4009 189 4074 vis
206 4019 238 4072 et
248 4013 346 4096 copia
357 4008 505 4095 augenda
517 4017 577 4088 est,
592 4009 775 4073 necessario
789 4006 997 4094 ei'praeeedit
1007 4003 1125 4082 etiam,

16 4104 18 4107 ’
72 4091 123 4157 siu
139 4117 217 4165 vcro
238 4096 314 4184 post
333 4117 409 4162 eum
430 4094 588 4184 ponitur,
616 4094 755 4177 accessio
776 4093 999 4180 exprimitur,
1027 4099 1126 4176 atque
