2618 4770
203 241 265 333 een
684 266 755 330 ΕΤ.

203 423 255 489 rel
275 416 458 483 distinctius
477 418 557 503 quid
573 417 682 512 addit,
709 430 747 482 ut
767 420 906 508 intelligi
930 423 1040 508 possit
1060 425 1118 490 aei
1128 428 1261 513 potins,

204 509 292 598 quod
310 506 385 570 olibi
401 506 507 568 verbis
524 506 733 591 exprimitur.

308 625 439 694 Quinctil.
455 623 571 689 11215.
592 626 635 677 eui
650 625 781 677 diversam
797 634 849 688 661,
866 624 913 679 ea'r
928 630 1011 683 aliurn
1029 633 1187 701 rogaveris,
1208 652 1262 684 uon

272 719 421 780 exspectare
441 726 609 778 responsam,
646 711 784 761 utstatim
808 713 950 765 subiicere:
977 717 1070 768 domus
1088 721 1140 768 etc.
1184 717 1262 768 Bene

271 796 394 851 restituit
410 794 553 863 Spalding.
579 794 608 845 in
629 793 762 860 Quinctii.
785 794 927 860 111146.
956 818 1058 868 paucos
1076 809 1102 853 et
1117 802 1162 853 uia
1178 803 1263 854 ulium

203 896 228 924 ·'
272 902 304 936 es
318 883 375 945 icis,
396 883 440 947 pai
453 887 610 932 uetustatem
624 881 807 959 pertulerunt,
838 882 956 936 existimo
976 904 1052 954 passe
1075 887 1195 953 reperiri.
1210 895 1263 939 etc.

271 968 320 1020 ubi
339 966 422 1032 vulgo
443 965 590 1032 tegebatur
610 980 710 1031 paucas
733 964 774 1014 661
793 965 890 1031 potius.
929 969 984 1020 Sed
1005 972 1190 1022 Frotschems
1209 988 1263 1024 non

228 1074 240 1102 r
272 1051 392 1103 debebat
405 1049 528 1100 inserere
539 1049 623 1113 enim,
640 1047 712 1114 quod
727 1047 755 1098 in
774 1049 937 1115 quibusdem
947 1054 1027 1108 libris
1042 1072 1092 1122 pro
1107 1063 1134 1108 61
1148 1057 1263 1125 legitur,

205 1131 208 1136 ’
271 1136 326 1189 vid.
346 1135 502 1188 Gernhord.
1032 1142 1035 1165 ¹

251 1254 254 1261 ·
309 1240 367 1293 cte.
381 1238 415 1289 de
432 1237 486 1291 011.
501 1237 527 1302 3,
543 1234 627 1301 1162.
649 1238 725 1289 66116
743 1212 814 1288 enim
838 1239 947 1291 societas
963 1244 1037 1294 nabis
1054 1261 1112 1295 eran
1128 1247 1264 1312 tyrannis,

273 1334 298 1380 61
308 1326 398 1395 potius
413 1342 514 1375 summa
532 1323 669 1375 distractio
682 1330 728 1374 est.
765 1324 951 1377 Correxeruut
965 1329 1010 1378 sed
1025 1329 1123 1395 potius.
1184 1338 1186 1344 '

288 1433 320 1492 lt.
346 1420 410 1490 Sed
442 1448 513 1489 non
547 1435 678 1487 tantum
710 1418 889 1510 praemissu
921 1430 1097 1512 negatione
1129 1429 1262 1518 adiungi

205 1527 316 1605 potest
342 1512 564 1591 contrarium,
591 1510 649 1574 sed
673 1511 924 1598 coniunguntur
948 1515 1109 1596 etiamen
1132 1538 1197 1602 per
1220 1529 1263 1594 et,

205 1624 349 1692 quorum
373 1599 541 1675 alterum,¹
564 1597 695 1682 ,etiamsi
720 1588 1166 1683 mitifiriiliff'ssffiaeffiffl
1196 1624 1266 1666 11⁰³

203 1680 281 1757 euin
305 1686 407 1751 altero
434 1684 648 1746 coniunctum
672 1682 850 1768 reperitur.
901 1685 994 1764 Quae
1015 1689 1102 1752 ratio
1129 1689 1177 1751 ita
1202 1711 1265 1752 ex.

202 1777 320 1866 plicari
336 1778 456 1857 potest,
477 1763 618 1852 quasi'et
635 1777 782 1852 ponetur
798 1789 862 1853 pro
879 1780 1055 1850 ettamen,
1075 1784 1107 1837 61
1124 1786 1263 1852 contra,

202 1864 406 1935 ,retinuersn
431 1855 598 1927 oratione,
630 1868 857 1938 aerumpnam,
881 1855 1176 1922 ursu‘ut‘uestius
1201 1856 1264 1923 exss

164 1943 183 1994 s
202 1940 370 2017 istimubat
394 1941 435 2003 in
452 1937 617 2002 eiusmodi
639 1938 922 2015 enuntiationibus
943 1953 977 2005 61
999 1942 1261 2030 618615666661.

225 2025 279 2108 ni,
301 2031 407 2095 661666.
449 2025 537 2088 Beue
555 2045 627 2088 rem
644 2025 800 2110 exposuit
816 2026 1010 2112 Wopkens.
1034 2031 1039 2040 ’
1080 2031 1173 2095 Actis
1191 2021 1266 2094 iiii?

202 2060 388 2188 ihenotiit
418 2110 492 2175 Vol.
515 2116 546 2174 2.
572 2133 605 2195 p.
624 2115 696 2174 121.
722 2132 823 2196 quem
847 2116 996 2197 sequitur
1020 2052 1195 2185 &alchim
1219 2117 1261 2181 ad

201 2205 312 2291 16611.
335 2204 412 2287 Agr.
429 2201 480 2261 15.
502 2219 535 2282 p.
553 2200 627 2261 222.
659 2195 859 2261 Cf.-Ernest.
882 2198 923 2262 nd
940 2201 1025 2263 Ann.
1043 2202 1074 2281 5,
1091 2207 1124 2265 3.
1140 2258 1144 2266 ,

272 2317 273 2320 ¹
306 2316 608 2381 cinnomannis,
626 2315 669 2369 st.
695 2318 827 2387 magister
849 2318 892 2368 iric
910 2303 1070 2371 Samnitium
1085 2325 1261 2377 summeium

268 2414 398 2463 senectute
420 2412 473 2469 661,
501 2410 527 2455 61
548 2404 663 2471 quotidie
687 2404 892 2454 commendatur.
928 2404 1069 2455 Ernestius
1096 2407 1219 2458 correxit
1236 2418 1261 2461 61

269 2511 386 2554 summa,
409 2489 455 2541 sed
478 2493 554 2539 reete
578 2487 698 2558 restituit
723 2487 864 2554 antiquam
887 2485 1051 2555 scripturam
1073 2491 1258 2544 Heariehsen.

266 2580 296 2631 ,Τ
299 2595 354 2629 use.
370 2577 396 2639 1,
412 2575 437 2639 3,
452 2572 478 2625 t.
497 2574 563 2640 fieri
586 2581 673 2624 autern
694 2579 796 2640 potest,
821 2579 850 2624 ut
872 2581 939 2624 recte
962 2576 1019 2641 quis
1041 2576 1156 2639 sentiat,
1179 2584 1204 2628 et
1221 2579 1259 2641 id,

270 2663 340 2732 paud
355 2659 450 2724 sentit,
471 2660 554 2726 polite
569 2658 656 2725 eloqui
682 2674 735 2706 non
755 2657 849 2724 possit.
895 2657 1025 2724 Quinctil.
1048 2658 1074 2723 2,
1097 2656 1185 2723 5,111.
1207 2680 1258 2731 ega

197 2734 207 2753 '⁵
271 2748 431 2815 66116666-
447 2744 540 2807 uelim,
565 2749 595 2793 at
617 2741 722 2807 Liuiam
737 2758 754 2792 a
767 2742 857 2809 pueris
878 2744 967 2811 magis
988 2760 1065 2811 quam
1081 2743 1258 2796 Sallustiani:

270 2839 296 2884 et
312 2832 353 2882 hie
370 2831 496 2880 historiae
512 2829 598 2880 maior
614 2835 652 2879 661
669 2832 769 2878 auctor.
796 2825 845 2877 ubi
857 2826 1034 2896 Spaldingius
1049 2829 1123 2881 male
1139 2829 1259 2883 coniecit

198 2908 204 2947 ·'
268 2918 331 2981 etsi,
352 2916 431 2966 docte
447 2912 569 2964 defendit
584 2912 697 2980 antique
712 2912 798 2964 verbo
814 2912 964 2979 Zumptius.
1048 2898 1050 2903 Ι

306 3019 396 3073 Tacit.
421 3017 493 3069 Hist.
515 3017 541 3082 2,
563 3016 605 3068 211.
640 3022 779 3085 postquam
803 3032 858 3084 par
877 3019 903 3068 61
923 3018 1063 3068 concordia
1088 3016 1212 3087 speciosis
1234 3027 1260 3071 et

183 3164 186 3175 ¹
243 3105 353 3185 ‘irritis
377 3105 524 3171 nominibus
547 3103 649 3153 iactata
673 3108 740 3152 6661.
776 3099 835 3151 niv.
853 3098 896 3165 25,
914 3100 956 3167 25,
973 3100 998 3154 5.
1025 3104 1094 3154 iuter
1115 3104 1260 3173 Neapolim

268 3200 294 3244 et
309 3191 423 3256 Tycham
439 3188 562 3254 (nomina
573 3188 696 3255 partium
710 3186 798 3249 urbis,
817 3192 843 3237 61
857 3187 944 3237 instar
958 3190 1063 3239 urbiam
1076 3189 1152 3259 sant)
1168 3190 1259 3257 posuit

268 3282 366 3327 eastra.
399 3273 488 3324 Tacit.
505 3273 571 3340 Agr.
588 3269 630 3322 15.
652 3273 687 3322 616
712 3271 839 3321 Germani
861 3273 998 3324 excussisse
1020 3275 1129 3342 iugum,
1158 3282 1183 3325 61
1201 3278 1259 3340 jiu-

241 3424 244 3429 .
267 3360 352 3420 66166,
392 3375 445 3407 666
471 3375 567 3407 666666
591 3357 706 3422 defendi.
743 3357 810 3406 dun.
835 3355 860 3419 l,
887 3355 929 3407 38.
960 3359 1064 3409 redierit
1084 3359 1113 3408 in
1140 3359 1256 3410 hiberna

266 3443 386 3497 turbidos
403 3448 427 3492 61
445 3442 513 3492 nihii
531 3460 616 3492 ausos.
643 3439 669 3504 5,
683 3440 709 3490 3.
728 3442 872 3506 missaeque
886 3441 915 3490 in
930 3444 1108 3510 Agrippinam
1123 3461 1155 3493 ac
1170 3443 1259 3495 Nero*

267 3545 328 3578 nem
346 3527 465 3589 litterae,
483 3543 547 3593 quas
557 3526 665 3597 pridem
682 3526 781 3575 alietas
798 3532 823 3575 et
839 3526 968 3578 cohibitas
984 3530 1017 3578 ab
1029 3530 1155 3596 Arrgnsta
1170 3532 1258 3579 credi-

269 3612 318 3664 ait.
353 3609 395 3673 13,
419 3610 461 3661 22.
488 3613 568 3677 Syria
584 3611 612 3662 P.
631 3611 724 3661 Anteio
741 3609 890 3675 destinata,
916 3619 941 3662 61
963 3614 1046 3664 uariis
1068 3630 1127 3662 mos
1151 3613 1259 3663 artibus

194 3739 206 3763 ,Ι
269 3697 371 3759 clusus,
394 3696 430 3746 ad
444 3704 601 3762 postremum
616 3697 644 3746 in
661 3696 725 3744 urbe
740 3701 855 3745 retentus
870 3704 914 3747 661.
940 3697 987 3747 ubi
1003 3696 1133 3748 Heinsius
1150 3697 1257 3764 aliique

205 3812 231 3853 Ι;.
266 3786 442 3833 mutaverunt
467 3788 491 3832 61
516 3780 544 3832 16
566 3781 619 3830 seri.
660 3779 728 3828 Anu.
750 3778 792 3842 12,
816 3778 858 3830 311.
886 3797 998 3848 regnum
1017 3781 1124 3850 Vangio
1140 3798 1172 3834 ac
1189 3786 1257 3835 Sido

265 3868 336 3918 inter
358 3883 385 3916 se
409 3865 558 3933 perticere,
572 3891 607 3899 -
628 3864 747 3913 subiectis
765 3891 799 3899 -
821 3864 882 3914 dnm
905 3867 1114 3932 adipiscerentur
1130 3869 1255 3920 cloacina-

266 3953 350 4004 tiones
373 3953 457 4001 multa
480 3951 607 4012 caritate,
640 3955 664 3998 61
686 3949 785 3999 maiore
806 3950 881 4012 odio,
904 3958 1041 4015 postquam
1065 3953 1157 4019 adepti
1180 3963 1253 4006 6661.

183 4086 187 4097 f
266 4037 377 4088 Stieton.
394 4036 484 4086 111611.
503 4034 544 4085 10.
577 4033 673 4101 optime
690 4035 758 4084 olere
772 4035 881 4085 occisam
896 4035 994 4084 hostem
1011 4044 1035 4086 et
1049 4027 1141 4086 raeticis
1161 4038 1252 4089 civem.

266 4123 329 4175 1166
339 4118 795 4188 1161116666311366116666661161,
812 4135 865 4185 ego
874 4135 939 4171 vero
948 4120 1250 4188 elegantinmlutinniu.
