2618 4770
359 276 538 345 Fousatt.
572 278 805 362 rottsl'rnrt,
948 310 951 317 ’
1032 296 1097 363 715

42 429 104 493 vet
127 430 324 496 concedatur
345 432 397 497 vel
428 418 672 522 praesumatur,
714 447 825 503 tamen
848 440 881 505 id
910 436 984 511 non
1003 444 1117 512 offis·

40 525 183 614 mator,
212 517 276 593 sed
301 539 353 582 res
377 517 418 582 ad
441 529 549 585 certos
573 522 734 613 terminos
759 535 942 592 revocatur.
976 531 1119 614 ¹(inurat

40 611 201 688 sequitur
222 614 321 669 certe.

156 701 218 757 mv.
239 705 265 770 o,
287 704 331 770 11,
351 704 393 763 ιι,
425 712 452 761 e
473 706 517 769 rut
537 707 659 776 praee,
687 684 807 773 suerrus
834 717 861 764 e
886 714 1009 782 μιιιω,
1043 735 1096 774 m

118 794 191 842 certe
218 790 331 842 liberata
352 791 427 857 fide,
473 793 508 845 ab
535 793 647 845 mundio
669 790 698 842 irs
720 801 809 846 castro
831 812 943 850 romara
972 801 1098 857 inviotata*

81 896 87 905 ·
118 874 264 927 redierunt.
311 873 442 941 Quinctii.
459 876 486 942 2,
500 875 542 941 16,
555 876 601 928 11.
627 875 801 928 aerumnose
823 879 895 946 apud
915 899 957 935 eos
973 886 1116 949 forsitan·

116 964 300 1025 quaerantur,
329 961 375 1027 qni
393 976 520 1011 summum
542 961 682 1012 rhetorices
703 960 740 1011 ad
760 963 939 1028 persuadendi
955 968 1007 1020 cim
1021 975 1096 1022 reta-

116 1042 215 1094 larunt.
251 1042 281 1092 Si
295 1059 356 1094 cem
374 1049 414 1095 est
427 1045 489 1095 deae
503 1043 747 1108 dicendi‘scientic,
765 1061 839 1112 quem
855 1063 902 1099 ars
912 1048 996 1115 fluctu
1008 1053 1094 1122 sapui-

117 1141 195 1189 mur,
222 1130 252 1176 ut
270 1126 306 1178 sit
326 1134 416 1180 orator
436 1127 565 1197 imprimis
580 1129 622 1180 cir
637 1129 735 1194 docus,
760 1129 850 1183 otiien
868 1139 941 1184 ccrtc
959 1151 1017 1188 ecus
1038 1152 1094 1190 crte
1161 1197 1163 1201 ,

115 1210 297 1276 confitendum
312 1216 357 1263 est.
829 1242 832 1247 ·
921 1244 934 1264 ι.

136 1316 167 1374 6.
197 1311 327 1375 Mutato
360 1313 477 1377 ordine
506 1312 743 1377 sententiarum
773 1312 920 1461 respuitur
937 1313 1095 1405 saraitae

42 1396 81 1458 in
104 1395 294 1461 adiiciendo
320 1418 378 1476 eo,
401 1396 611 1487 quodmaius
633 1399 802 1485 graviusvc
826 1399 1007 1486 ‘eriposse
1024 1417 1094 1467 non

11 1522 20 1527 -
41 1481 242 1546 incredibile
263 1481 399 1547 videtur.
888 1538 891 1546 f

156 1601 270 1656 Sallust.
284 1602 344 1670 lug.
360 1599 419 1666 1⁰6,
434 1600 460 1656 3.
486 1602 590 1656 etiamsi
612 1609 683 1655 certo
701 1601 782 1671 pestis
805 1603 920 1669 adesset,
938 1620 1093 1658 mansurum

32 1683 37 1689 “
117 1685 207 1755 potius
231 1703 309 1753 quam
331 1686 462 1754 proditis,
494 1703 557 1755 qnos
580 1685 705 1751 ducebat,
737 1686 812 1754 turpi
828 1690 903 1755 fuga
923 1688 1039 1742 incertus
1059 1707 1094 1742 ac
1187 1713 1188 1717 ¹

116 1769 236 1836 forsitan
248 1771 412 1840 postponite
427 1770 516 1838 morto
529 1764 685 1824 interiturae
702 1769 772 1822 uitae
782 1777 911 1840 parceret.

139 1875 171 1934 7.
201 1872 438 1936 Coniunctivus
456 1864 577 1935 modus
600 1883 665 1953 est,
691 1893 800 1959 quem
829 1871 987 1958 particula
1011 1869 1092 1940 hoec

50 1963 173 2020 natura
197 1979 255 2021 sua
275 1958 431 2044 requirat.
481 1957 701 2021 Continuatur
723 1958 810 2020 enim
835 1957 947 2022 eadem
971 1955 1094 2021 verbo-
1122 2008 1129 2022 .

53 2061 130 2102 rum
156 2045 373 2117 constructio,
409 2060 491 2125 quae
513 2062 531 2102 a
545 2037 624 2126 fars
645 2041 690 2103 sit
713 2040 838 2138 incipit.
882 2040 947 2106 Sed
967 2041 1091 2128 duplex

54 2134 104 2187 est
121 2127 224 2203 ratic,
246 2126 345 2188 altera
362 2122 533 2210 pendentis
553 2124 822 2201 constructionis,
839 2124 938 2189 altera
953 2126 1091 2191 solutae.

51 2208 92 2272 In
110 2208 165 2271 illa
182 2210 269 2272 enim
286 2209 447 2272 incertum
468 2207 675 2273 coniecturae
696 2207 851 2271 iudicium
874 2230 984 2273 secum
1000 2211 1090 2274 ducit

51 2295 200 2357 incertae
220 2293 281 2356 rei·
295 2292 615 2373 denominationem,
646 2304 679 2356 et
701 2293 841 2357 nectitur
863 2294 1092 2358 coniunctivae

52 2377 139 2441 alter
162 2400 203 2442 ex
223 2377 339 2443 altero.
393 2376 612 2465 Sedpossunt
627 2377 738 2442 eadem
754 2375 851 2443 verba
866 2378 1089 2457 etiamsoluto

51 2462 121 2526 hoc
138 2485 227 2529 nexu
244 2463 401 2549 componi
413 2464 473 2542 ita,
501 2461 700 2553 ut'sarritaa
714 2485 775 2551 per
797 2472 831 2527 'se
853 2462 990 2527 addatur
1011 2484 1092 2528 sen-

52 2549 193 2629 tentiae,
218 2571 278 2613 nec
300 2548 452 2628 verbum,
471 2548 565 2633 ‘quod
585 2549 687 2631 inest,
711 2572 729 2613 a
746 2547 903 2636 particula
920 2547 1091 2614 afficiatur.

54 2633 345 2712 Quemadmodum
362 2633 480 2698 dicitur
495 2632 575 2699 cide
600 2644 654 2712 ut,
685 2633 881 2719 adspiceret
902 2654 977 2698 cum
999 2632 1090 2698 indi·
1169 2632 1180 2645 “

52 2718 161 2782 cutivo
179 2719 337 2785 orationis
355 2740 424 2783 non
440 2738 552 2784 nexae.
593 2719 707 2804 Neque
722 2719 846 2785 diversa
861 2718 942 2784 mihi
960 2717 1088 2782 videtur
1138 2736 1140 2742 ’
1214 2756 1224 2777 a

52 2825 120 2868 esse
137 2826 265 2888 caussa,
297 2826 359 2891 qua
380 2826 532 2890 graecum
557 2800 595 2868 ἂν
617 2825 686 2867 nou
707 2805 864 2892 proxime
888 2824 962 2867 cum
984 2801 1088 2867 verbo

53 2901 278 2954 constructum
296 2889 424 2954 additur
437 2891 625 2965 sententiae,
672 2911 731 2953 uae
750 2888 960 2953 indicativum
977 2885 1087 2955 habet.

54 2972 145 3037 Tum
165 2977 253 3041 enim
269 2973 307 3039 dv
321 2985 377 3039 aut
392 2975 448 3038 uni
465 2974 558 3038 alicui
576 2912 736 3038 scedula
753 2974 922 3048 adhaeret,
942 2983 995 3038 aut
1011 2973 1089 3037 uui-

51 3079 164 3123 versee
186 3060 362 3126 sententiae
384 3058 628 3146 superadditum
657 3059 757 3124 veluti
773 3058 859 3144 apud
875 3056 1087 3144 Xenophon-

52 3154 122 3207 tem
140 3144 295 3231 Sympcs.
312 3151 343 3227 4,
359 3149 411 3209 37.
441 3142 496 3225 tyn
521 3144 553 3208 δὲ
566 3139 645 3208 οὕτω
660 3145 714 3226 μὲν
734 3141 834 3209 πολλὰ
850 3144 923 3225 ἔχω,
946 3140 988 3218 οἷς
1003 3139 1089 3223 μόλις
1113 3166 1117 3172 ·

50 3224 130 3292 oded
146 3230 195 3294 καὶ
209 3227 263 3314 cys
280 3226 318 3294 de
333 3226 422 3304 αὐτὸς
436 3225 573 3312 edptcan.
608 3228 679 3293 Hoc
693 3250 771 3294 vero
787 3229 913 3293 solutae
929 3227 1087 3292 orationis

51 3334 166 3399 genus,
180 3325 218 3376 ut
232 3325 326 3404 puto,
348 3315 474 3400 vulgari
490 3335 551 3377 usu
563 3312 816 3403 frequentatum,
837 3321 954 3400 poetae
970 3332 1088 3378 omnes

52 3396 277 3481 adsciverunt,
298 3397 301 3401 ’
319 3409 351 3463 et
373 3410 488 3486 postca
513 3420 555 3465 ex
585 3419 700 3463 corum
725 3397 879 3485 exemplo
907 3397 1086 3484 scriptores

49 3485 242 3548 recentioris
263 3483 342 3550 aevi.
385 3485 591 3572 Antiquiores
613 3493 721 3548 autem
736 3484 929 3570 scriptores,
948 3492 980 3547 et
993 3483 1028 3547 iu
1044 3484 1085 3550 iis

52 3569 186 3647 Cicero,
213 3591 290 3632 raro
318 3567 548 3635 admittebants
577 3580 687 3634 tamen
710 3570 835 3656 saepius
857 3590 957 3655 quam
981 3569 1085 3634 critici

51 3651 202 3718 arbitrati
220 3664 313 3734 sunt,
345 3664 377 3718 et
393 3654 428 3718 in
444 3654 482 3720 iis
523 3653 650 3733 uidem,
681 3676 762 3740 quae
779 3655 881 3742 magis
896 3675 1086 3742 remquam

50 3737 151 3802 dubia
173 3739 369 3805 viderentur.
409 3739 478 3804 Nec
500 3679 592 3807 decet
615 3738 715 3821 haec,
747 3761 829 3826 quac
849 3743 975 3805 rariora
996 3743 1085 3820 sunt,
1171 3800 1174 3807 ,

49 3824 236 3910 vituperare
252 3836 308 3888 aut
331 3825 505 3922 corrigere.
556 3827 666 3907 Quare
688 3825 914 3913 imprudenter
929 3823 995 3910 egit
1011 3823 1095 3890 Nic:

50 3910 221 3988 Heinsius,
244 3911 300 3996 qni
317 3911 351 3975 in
368 3910 477 3975 0v1dii
491 3912 688 3976 carminibus
703 3911 759 3976 ubi
783 3932 824 3976 ue
840 3907 1084 3979 coniunctivum

50 3996 178 4059 restitui
191 3995 308 4060 debere
320 3995 480 4061 censebat.
523 3998 693 4087 Zumptius
707 3997 747 4063 ad
758 3934 1084 4078 dieverrinrquum

52 4099 90 4163 pe
112 4085 183 4146 176.
205 4080 247 4146 ad
271 4087 302 4163 1,
321 4085 375 4170 88,
399 4085 453 4181 98.
490 4084 692 4173 exposuisset
728 4083 942 4162 Ciceronem,
976 4078 1101 4168 etymi·
