2618 4770
215 197 278 275 108
638 185 832 257 coarat.

207 346 321 419 ficatio
337 334 372 411 id
389 337 635 428 complectitur,
651 340 747 490 qaod
761 350 898 430 apparet
917 343 1100 431 inaequali
1123 346 1264 434 positio-

212 455 276 513 ne,
305 429 341 495 in
368 448 432 513 qua
454 445 560 489 unum
585 423 627 491 ad
683 435 790 492 terum
813 427 959 497 refertur
982 440 1073 496 recta
1097 431 1203 514 linea,
1232 443 1264 498 et

213 531 392 600 utramque
407 533 474 578 una
484 510 620 599 regione
637 512 834 581 continetur.
875 514 966 581 Aliae
981 517 1167 603 opiniones,
1188 519 1265 604 qui-

213 603 275 671 hus
296 599 432 665 Vossius
453 607 646 674 accatuor,
669 597 840 665 Scheidius
856 598 897 665 ad
914 601 1084 668 Sanctium
1106 608 1226 690 pm
1247 625 1263 668 a

100 764 103 769 ,
184 755 187 760 ,
211 698 351 767 matus,
371 685 454 770 ling.
468 682 626 770 Caninius
643 703 686 748 ex
705 686 911 774 transposito
935 685 1038 752 verbo
1062 686 1185 773 increpo
1208 689 1263 754 ‹le-

211 771 396 847 ducebant,
420 789 537 849 omnes
556 766 658 851 falsae
682 779 772 835 sunt.
816 771 944 838 Verum
965 772 1048 840 vidit
1062 775 1208 861 Scaliger
1224 772 1263 840 de

208 854 417 929 ilaussislat.
432 853 512 943 ling.
536 875 564 918 c.
582 854 654 923 155.

225 1028 241 1037 ..
322 989 480 1045 ethaeam
495 990 614 1044 hamam
629 989 745 1060 syllaba·
762 995 885 1043 extreme
904 990 1004 1060 prodit.
1038 993 1082 1045 Ea
1103 992 1178 1046 enim
1198 1007 1261 1062 pra-

277 1075 396 1130 duoitur.
428 1075 466 1128 Et
480 1091 551 1144 quae
564 1074 680 1128 brevem
701 1072 847 1140 exhibent,
866 1079 1073 1146 exemplarent
1093 1077 1171 1130 istius
1186 1083 1269 1147 aeta-v

202 1200 208 1217 .
278 1161 330 1228 tis,
357 1161 387 1215 in
411 1175 466 1230 qua
490 1157 611 1228 plurima
630 1159 776 1228 prosodiae
793 1176 859 1230 pers
885 1168 1003 1217 accentu
1024 1164 1191 1233 regebatur,
1213 1166 1261 1215 ant

201 1232 225 1303 .ἶ
279 1245 415 1299 debentur
434 1241 625 1313 negligentiae
651 1243 905 1299 recentissimas-ure
937 1248 1109 1315 scriptorum.
1157 1246 1261 1300 Ennius

279 1329 353 1400 apud
367 1328 482 1383 varon.
498 1327 532 1380 tle
546 1327 628 1397 iring.
644 1327 694 1380 tat.
708 1326 743 1394 6,
760 1328 787 1382 2.
807 1331 866 1401 quia
880 1338 961 1399 peter
982 1339 1031 1384 cut
1048 1338 1178 1399 cognatas
1193 1332 1262 1382 uolet

276 1431 325 1469 aas
344 1420 437 1468 eonas
448 1411 541 1467 tueri?
572 1412 662 1468 Attius
678 1414 750 1483 apud
765 1415 888 1468 Macroh.
914 1414 971 1467 Set.
985 1406 1019 1480 ’6,
1036 1413 1062 1465 1.
1082 1432 1160 1495 pum
1176 1432 1263 1482 aeque

205 1528 224 1580 '.
251 1524 254 1529 ·
276 1499 349 1554 teert
361 1504 455 1552 eontra
468 1515 552 1567 aeque
569 1499 654 1566 affari
668 1515 756 1567 queaa.
791 1497 835 1551 tta
850 1497 960 1550 Vossius
978 1496 1088 1567 scripsit
1099 1500 1157 1552 Art.
1168 1515 1259 1566 gram.

275 1582 310 1648 Ζ,
324 1581 368 1636 24.
387 1599 415 1651 p.
427 1580 489 1636 tua.
508 1588 572 1637 ente
592 1582 799 1646 Hermannum,
821 1579 921 1648 Opasc.
939 1579 974 1634 Τ.
990 1581 1016 1634 8.
1033 1600 1060 1651 p.
1076 1583 1136 1635 121.
1177 1583 1261 1650 Apud

250 1696 253 1701 ·
276 1666 438 1722 Lucretiam
451 1664 484 1731 1,
498 1663 558 1719 461.
578 1665 681 1737 datiam
694 1664 849 1718 restitutum
868 1669 925 1720 ests
942 1669 1061 1732 πψτη
1078 1669 1142 1719 haec
1162 1685 1212 1736 per
1232 1685 1261 1721 re

219 1762 222 1767 '
277 1757 378 1823 cogant
391 1752 608 1817 aoseuefcteri.
626 1767 678 1819 pro
697 1756 788 1800 eontra
798 1750 894 1815 satori.
930 1750 986 1803 Sesl
1004 1751 1135 1805 Manilius
1153 1752 1179 1818 2,
1195 1752 1257 1806 253.

170 1864 173 1869 ·
275 1845 370 1890 metm
384 1837 563 1909 cenosam
579 1835 701 1904 putidum
718 1833 847 1884 distentus
869 1835 898 1885 in
922 1837 1022 1893 eloam.
1045 1836 1095 1888 uhi
1113 1837 1258 1890 Bentleiue

275 1919 434 1974 mandevit
443 1925 532 1972 strate
546 1919 647 1981 iorem,
667 1915 816 1968 &seberus
830 1924 943 1972 excusat
959 1919 1057 1973 vitium
1077 1921 1173 1974 doctae
1190 1939 1259 1992 neg.-
1291 1936 1301 1943 ·

270 2003 410 2074 ligentiac
437 2002 565 2055 nomines
589 2001 712 2054 Gesnera
734 1999 886 2054 videbatur.
911 2003 979 2057 iacet
1003 2023 1053 2074 per
1075 2006 1193 2076 dialysin
1215 2009 1258 2060 le-

274 2089 477 2160 gendnmesse
497 2084 585 2144 trihus
607 2082 733 2154 syllabis.
774 2085 874 2138 Auson-
900 2087 1022 2143 Praelat.
1052 2090 1189 2145 Thestias.
1212 2091 1255 2146 1a.

274 2191 354 2243 saepe
374 2175 527 2245 maregart,
556 2169 674 2238 quaten
703 2174 796 2221 contra
816 2188 912 2239 pareas
939 2174 1048 2228 dubites.
1082 2173 1255 2245 Exemplum,

275 2259 348 2328 qnod
361 2252 539 2327 grammatici
557 2253 678 2308 afferunt
698 2269 732 2306 ex
746 2252 866 2308 Phaedr.
888 2254 922 2322 8,
936 2256 971 2323 2,
986 2257 1032 2325 4.,·
1047 2276 1101 2313 uon
1121 2262 1175 2314 hue
1192 2280 1256 2330 per-

222 2344 229 2349 '
275 2341 355 2397 tinet.

288 2509 339 2575 Ab
357 2508 453 2597 initio
472 2524 557 2597 unus
573 2516 642 2572 erat
659 2505 802 2597 agiserhii
820 2503 908 2576 usus.
952 2512 1063 2593 Quare
1083 2514 1172 2602 apud
1195 2535 1258 2579 co-

89 2604 107 2641 t
161 2580 172 2619 ⁴
197 2586 707 2690 miros-praQtfspusun
727 2596 887 2675 occurrit,
908 2596 972 2662 nisi
993 2599 1029 2663 in
1045 2620 1110 2664 una
1126 2594 1255 2667 esthr-

200 2669 312 2763 ῗιῖἶιῖει,
338 2699 421 2766 quae
434 2674 628 2743 mutationis
645 2679 852 2745 occasionem
868 2683 1092 2770 suppeditasse
1111 2686 1253 2753 videtur.

176 2806 181 2817 ·
199 2769 318 2849 Quum
336 2766 426 2831 enim
442 2748 712 2831 dicerstoterent
728 2764 871 2833 adstare
889 2769 1055 2856 aliquem,
1081 2770 1132 2836 his
1157 2774 1254 2837 addi-

102 2908 104 2912 .
206 2854 325 2917 derunt
340 2847 591 2925 contraeundo
604 2847 728 2915 factum
746 2861 793 2916 est
807 2865 928 2918 contro
944 2855 1091 2943 aliquem
1099 2857 1253 2940 adstare,

205 2949 243 3005 ut
257 2939 378 3026 legitur
395 2935 482 3023 apud
497 2934 648 3000 Plautum
659 2936 746 3001 Pers.
760 2944 788 3016 1,
799 2945 828 3017 l,
842 2944 892 3004 13.
936 2939 1137 3026 significatio
1152 2946 1254 3029 igitur

206 3024 360 3090 adversae
379 3021 606 3097 ‘contentionis
629 3021 715 3108 apud
741 3024 939 3111 antiquiores
961 3029 1140 3178 scriqtores
1163 3053 1253 3094 non-

205 3108 287 3174 dum
318 3108 516 3194 exprimitur
550 3107 805 3193 praepositionis
840 3109 962 3176 forma.
997 3184 1000 3189 ⁴
1056 3114 1121 3179 nde
1153 3116 1252 3182 etiam

206 3205 321 3282 postea
337 3215 434 3279 saepe
449 3191 574 3255 lactum
589 3201 655 3272 est,
676 3202 713 3256 ut
728 3205 850 3277 contra
863 3200 936 3261 ante
949 3201 1169 3266 accusativum
1187 3224 1253 3267 no-

205 3282 304 3351 minis
320 3287 521 3368 poneretur,
547 3277 639 3364 quod
654 3300 724 3343 non
742 3278 946 3362 cohaereret.

308 3413 389 3485 Qasal
408 3411 438 3466 in
463 3410 560 3464 lexicis
584 3428 600 3464 a
621 3411 722 3467 Plauto
745 3414 876 3469 afferturt
904 3413 939 3470 'se
960 3424 1053 3471 eontra
1081 3421 1250 3491 disciplicere

271 3516 358 3552 measa
373 3498 518 3568 gesserint,
538 3495 654 3550 Traiani
667 3505 731 3553 sunt
742 3502 829 3553 vei-ha
844 3501 871 3553 iu
885 3500 971 3568 Epist.
987 3503 1072 3557 Plinii
1087 3505 1136 3572 1⁰,
1153 3507 1196 3561 82.

315 3599 552 3668 Ptaepositionem
569 3599 654 3653 etium
669 3620 730 3654 cum
744 3602 837 3656 stativo
852 3605 990 3671 construi,
1009 3608 1088 3660 falsis
1104 3611 1245 3679 exemplis,

270 3701 342 3754 qnae
366 3683 570 3738 adversativum
590 3701 699 3738 sensum
720 3688 872 3754 haherent,
890 3689 1077 3746 demonstrare
1093 3695 1248 3752 votuerunt.

270 3771 360 3823 Plant.
369 3769 457 3822 Stich.
466 3766 525 3833 hd,
534 3766 559 3822 4.
575 3771 749 3840 sumptione
758 3773 875 3826 laborat.
894 3774 948 3827 vit.
959 3767 1247 3850 intronuntient,

268 3854 313 3908 43.
333 3872 407 3923 quem
423 3855 511 3911 dolum
531 3854 619 3911 doloso
633 3863 727 3909 eontra
747 3875 869 3910 conservo
886 3877 990 3928 parem.
1014 3862 1176 3917 adverbium
1195 3873 1246 3933 est,

179 3935 182 3943 “
270 3939 420 4010 quodcum
433 3936 519 3988 verbo
535 3939 672 3993 cohaeret.
706 3930 802 4011 Neque
816 3942 844 3996 iu
857 3942 978 3998 formula
994 3952 1086 3998 contra
1101 3967 1177 4015 aare,
1196 3969 1247 4005 aa·

262 4020 301 4107 rs
322 4030 417 4077 comae
436 4019 571 4076 asam·
581 4025 770 4094 agnoscimus,
795 4027 843 4083 aad
866 4020 1034 4096 ablativum,
1055 4049 1108 4101 quo
1126 4034 1247 4104 pretium
