2618 4770
120 290 185 353 368
611 284 681 351 ΕΝ.

223 443 311 495 Varro
337 439 372 491 de
393 439 437 491 llo
451 456 475 493 s.
496 440 529 507 1,
547 440 590 495 ou.
614 461 647 494 en
669 443 733 512 quin
750 444 854 497 amon.
881 444 918 505 ci.
933 462 960 514 p.
974 444 1037 499 335.
1063 448 1158 507 Sallust

190 528 303 594 Fregm.
320 524 374 576 inc.
388 523 454 577 libr:
469 524 519 591 18,
538 526 580 581 19.
599 530 693 581 adsum
709 546 742 582 en
758 530 788 582 C.
801 529 881 583 Cotto
894 532 994 584 moal.
1012 531 1092 589 ocul
1104 536 1159 591 tin

189 612 223 678 4,
239 609 298 664 356.
319 609 441 674 vicimus,
460 628 493 663 cn
507 628 579 667 meos
600 619 647 666 est.

202 754 235 814 2.
257 750 344 815 Haec
359 771 438 814 vero
456 749 527 834 ipsa
545 771 653 814 caussa
673 760 740 833 est,
765 770 865 837 quare
884 774 936 817 see
963 775 1074 819 ecum
1115 778 1159 820 ro·

118 836 322 925 nominihus,
339 836 568 920 coniungatur.
621 837 717 900 Vnde
747 837 834 923 apud
863 774 1166 907 cdffilc‘tfflffipffiff

75 936 79 943 ’
106 908 240 997 'illum
262 920 383 985 ellam
409 942 487 1007 quas
503 921 685 985 Priscianus
708 928 758 987 12.
781 923 904 1009 p.949.
925 924 1109 993 maledicit
1126 950 1159 992 ex

11 1002 103 1081 Aaou
113 991 329 1085 edomas,
356 1029 430 1071 ecce
447 1005 546 1070 illam
563 1009 761 1095 compositas
777 1030 856 1073 esse.
932 1002 1006 1021 ””
1046 1008 1062 1013 ”

17 1078 59 1177 ‘l
221 1126 321 1195 Virgil.
336 1126 403 1179 Aen.
418 1123 451 1193 5,
465 1124 524 1180 612.
543 1145 575 1181 cn
598 1145 648 1197 ego
667 1134 752 1183 cester
767 1130 905 1182 Ascanius.
942 1128 1024 1184 Ouid.
1040 1149 1076 1185 ex
1091 1132 1158 1185 Post

184 1212 219 1277 2,
232 1210 265 1276 3,
279 1208 322 1263 25.
350 1228 383 1262 en
405 1227 455 1280 ego
482 1229 536 1264 non
557 1214 648 1280 paneis
669 1215 802 1283 qnondam
823 1216 940 1267 munitos
961 1217 1064 1271 amicis.
1097 1215 1158 1269 Plio.

186 1296 260 1349 llist.
278 1314 304 1348 n.
320 1295 371 1360 21,
387 1293 421 1359 3,
437 1293 463 1349 9.
481 1313 515 1348 en
535 1315 585 1366 ego
599 1315 665 1363 sona,
679 1298 782 1367 inquit,
799 1300 857 1355 illa.

110 1454 115 1463 ,
221 1399 280 1453 cic.
303 1398 337 1451 ad
359 1399 437 1450 Fam.
459 1398 618 1466 13,15,2.
643 1419 692 1469 en,
719 1402 761 1454 laio
783 1402 830 1455 ille
851 1411 890 1456 est
905 1405 944 1457 de·
960 1402 1032 1468 illis,
1049 1402 1170 1457 'mammo'

184 1485 231 1554 cati
252 1485 364 1536 irridere
382 1490 408 1535 et
425 1484 569 1554 obiurgare
590 1502 631 1536 me
652 1487 743 1539 solitus
758 1493 805 1540 cst.
822 1504 848 1554 1³·
866 1487 973 1540 diluent.
987 1484 1040 1554 65,
1056 1486 1117 1543 181.
1131 1505 1159 1541 m

183 1570 233 1623 ltoo
253 1570 391 1631 iliadem,
410 1568 557 1635 caedente
577 1571 649 1621 dixi:
672 1571 766 1621 molier
783 1570 905 1623 abundat
918 1570 1045 1625 andacia.

218 1672 308 1724 Plaut.
323 1668 401 1722 Trin.
418 1670 496 1722 Prol.
512 1671 537 1722 2.
565 1689 604 1723 1u.
626 1673 718 1724 Finem
726 1677 791 1738 fore
808 1690 882 1743 onem
896 1674 984 1727 dicam
997 1674 1094 1728 nescio.
1120 1691 1156 1727 sn.

106 1748 110 1755 ’
182 1756 273 1809 Adest.
308 1754 354 1804 En
367 1754 430 1805 illue
443 1761 505 1805 sant
519 1757 613 1808 aedes:
633 1759 812 1809 iintroncnc
833 1759 897 1811 iam.
931 1758 1050 1813 Frustra
1071 1760 1157 1812 delsu-

182 1840 256 1903 dunt,
281 1838 353 1906 quod
374 1838 458 1906 vulgo
473 1839 576 1907 legitur
596 1842 663 1894 tem.
695 1842 787 1894 Etiam
807 1842 920 1894 Terent.
934 1842 1021 1897 Andr.
1042 1842 1077 1911 3,
1090 1841 1155 1909 2,3.

180 1924 230 1977 ubi
249 1924 333 1991 vulgo
348 1921 451 1990 legitur
468 1924 526 1974 nem
541 1926 668 1990 alteram,
691 1925 800 1978 codices
825 1924 956 1979 exhibent
976 1944 1019 1979 em
1040 1929 1155 1991 alterna,

178 2014 256 2061 reete
270 2006 413 2076 scripseris
426 2025 466 2060 en.
492 2008 535 2059 Do
549 2010 642 2063 verbis
656 2029 689 2064 en
705 2012 761 2083 ipse
776 2009 841 2065 sido
857 2009 1033 2083 Oudendorp.
1040 1990 1156 2083 adluu-

179 2090 231 2145 lcii
243 2092 311 2144 Met.
328 2110 355 2160 p.
371 2091 430 2145 129.

215 2192 273 2247 (iic.
297 2195 374 2248 Vera.
395 2195 430 2260 1,
443 2194 494 2262 ut,
512 2195 556 2248 93.
582 2197 647 2249 toea
669 2204 708 2250 est
726 2195 803 2249 istius
821 2197 966 2267 praeclara
986 2198 1083 2253 ἱκεσία.
1114 2198 1154 2251 lin

181 2279 225 2332 cui
239 2286 297 2332 tuos
317 2281 411 2332 liberos
426 2281 588 2333 committas:
607 2299 639 2333 cn
658 2282 787 2333 memoria
808 2283 907 2335 menni
922 2283 1039 2335 sodalis:
1057 2300 1091 2339 en
1105 2299 1154 2334 me-

176 2370 223 2417 tus
238 2364 357 2416 nieorum
373 2363 579 2416 existimationis.
604 2362 638 2429 5,
656 2363 706 2431 47,
722 2363 782 2419 124.
801 2382 834 2418 en
847 2366 916 2437 qnod
931 2367 1112 2435 Tyndaritani
1124 2367 1154 2419 u·-

177 2447 268 2500 lenter
285 2448 445 2514 praedicent.

211 2550 301 2602 Pluut.
318 2551 398 2602 Cure.
412 2549 447 2614 2,
463 2549 496 2613 2,
512 2547 555 2600 28.
573 2548 648 2600 uideo
663 2559 838 2603 ocmsrrentem
856 2553 935 2604 ellam
950 2552 980 2602 in
999 2553 1094 2619 platea
1115 2553 1152 2602 nl-

174 2635 250 2688 timn.
287 2635 399 2687 Terent.
415 2632 533 2699 lunt,
549 2634 582 2699 2,
599 2633 641 2686 14.
659 2634 710 2687 Ad.
725 2634 759 2701 2,
776 2635 849 2700 3,Ί.
883 2654 925 2688 cu.
952 2636 1095 2687 Aeschines
1111 2636 1152 2687 nli

174 2726 220 2772 est.
255 2737 296 2771 su.
325 2721 432 2772 Ellam:
461 2727 487 2770 tc
511 2725 642 2787 exspectnt
668 2719 747 2771 domi.
771 2719 806 2784 3,
829 2719 861 2785 3,
885 2719 928 2773 35.
964 2721 1045 2773 ellam
1075 2721 1149 2773 intsn.

172 2804 265 2856 Etiam
282 2803 429 2871 Pompeius
444 2802 473 2854 iu
494 2804 653 2861 commento
670 2802 738 2855 ortis
755 2804 856 2856 Donati
866 2804 914 2871 19,
931 2804 974 2857 13.
993 2807 1074 2858 cllum
1090 2803 1150 2857 dicit

171 2891 241 2941 nihil
255 2890 409 2958 significare
424 2906 502 2956 mom
516 2907 571 2941 ecce
588 2886 679 2953 illum,
702 2894 792 2940 tomen
814 2888 891 2941 addit
913 2891 1079 2957 exemplum*
1091 2889 1147 2940 Vir-

170 2973 250 3042 gilii,
269 2973 297 3026 iu
313 2991 365 3041 quo
384 2991 416 3026 en
431 2972 543 3042 legitur.
577 2974 709 3027 Errorem
722 2972 779 3026 ium
796 2974 903 3027 notavit
914 2973 1125 3029 Lindomunuus.

185 3116 217 3175 3.
247 3111 466 3174 Praemittitur
481 3108 697 3198 impanatiuffi
722 3110 918 3198 praesertim
941 3130 1146 3177 eorumver-

99 3195 241 3346 lljorum,
272 3218 356 3285 quoe
380 3195 560 3282 offerendi,
587 3198 765 3285 accipiendi
793 3194 1066 3285 significationem
1089 3195 1146 3262 hs-

125 3304 164 3346 on
181 3327 190 3345 .

202 3403 292 3456 Pleut.
315 3400 443 3469 Poeni,
458 3402 490 3470 1,
507 3398 550 3456 31.
578 3420 611 3456 en
634 3421 675 3456 me
698 3404 770 3456 dato.
804 3400 903 3474 virgil.
919 3405 980 3458 Eol.
994 3402 1029 3473 6,
1043 3403 1086 3459 69.
1102 3404 1144 3456 los

167 3488 216 3541 titi
232 3490 299 3542 dont
313 3491 445 3554 calamos,
464 3507 497 3541 en
512 3490 615 3557 accipe,
632 3489 735 3540 Musae.
753 3488 772 3541 i.
792 3507 815 3542 e.
835 3492 871 3543 da
885 3491 967 3541 nimm
982 3490 1030 3543 sie.

200 3589 322 3657 Persis,
338 3590 397 3644 134.
416 3612 448 3644 en
468 3594 532 3662 qaid
546 3590 651 3662 egam?
684 3592 823 3661 Rogitas?
856 3595 902 3645 En
916 3594 1079 3661 saperdom!
1097 3591 1141 3645 od-

164 3674 227 3726 uelae
240 3677 324 3729 Ponto
342 3686 501 3744 castoream,
518 3686 636 3746 stuppas.
670 3677 713 3729 lta
728 3678 814 3731 edidit
828 3696 890 3730 cum
905 3674 1070 3732 Achsintrio
1085 3678 1141 3731 Wo-

165 3758 257 3826 berus,
271 3762 349 3831 quasi
367 3779 459 3814 sensus
475 3770 560 3816 esset=
578 3778 639 3830 ugo,
651 3761 721 3813 oller
743 3779 776 3814 ex
793 3764 879 3816 Ponto
894 3763 1050 3831 saperdum.
1068 3759 1140 3831 Quod

164 3844 198 3897 de
216 3864 247 3898 re
268 3865 321 3899 non
334 3854 494 3921 linamente,
512 3847 565 3900 nisi
580 3846 696 3899 verbum
711 3847 883 3916 adiungitur,
905 3847 961 3900 dici
975 3865 1030 3901 non
1049 3850 1137 3917 potest

165 3930 259 3996 Quare
275 3949 385 3985 necesse
400 3939 441 3987 est
454 3932 695 4003 interpungumus=
719 3951 751 3986 en
767 3934 909 4002 soperclum
933 3934 1035 3987 adacte
1052 3935 1137 3995 Ponto,

164 4023 319 4069 castoreum.

174 4130 207 4189 4.
226 4123 265 4189 ln
281 4110 540 4225 nitergogalione
559 4128 683 4229 duplex
698 4134 747 4215 est
761 4146 851 4217 usus.
880 4122 968 4195 Nam
980 4124 1047 4195 hoo
1061 4144 1136 4213 par·
