2618 4770
612 275 685 346 ΕΤ.
898 251 1013 294 ““
1109 286 1287 358 ussv

218 432 352 503 Quinctil.
367 428 452 502 1o,1‚
469 430 531 490 115.
548 434 588 490 ecl
603 432 984 507 elrcnetaotgraoirorotlc
999 440 1026 494 cl
1041 414 1173 501 custodito
1239 461 1242 466 ·
1275 445 1281 448 ’

180 527 207 576 et
216 525 372 591 frequenter
385 521 522 573 oeltcmcns
536 538 648 591 quoque‘
1238 521 1241 526 ’

217 624 307 676 Varro
317 624 350 675 dc
359 625 402 675 Rc
416 641 438 676 r.
446 623 473 676 2.
491 606 616 692 prcci.5.
635 624 680 693 pui
694 615 775 676 liniet
789 624 941 694 praedium,
961 627 1173 687 taterenrren-

180 725 231 778 quc
245 698 320 761 ceter
334 709 503 778 disciplinam
517 716 544 762 et
560 710 744 780 agriculturae
755 715 782 762 et
794 711 897 779 pecoris
910 712 1039 780 pascendi
1053 722 1079 768 et
1092 719 1174 771 etiam

179 795 316 847 villaticae
335 794 476 864 pastionis.
521 793 579 861 Cic.
599 794 634 845 ad
649 794 704 846 Act.
719 793 746 858 2,
761 793 792 847 ·1.
813 790 995 848 oratiunculas
1017 805 1125 866 autem,
1148 807 1175 855 ct

182 897 249 948 quas
263 881 387 947 postulas
402 886 428 931 cl
440 881 532 948 plures
546 880 644 943 etiam,
661 879 775 930 mittum.
795 879 875 930 Brut.
884 877 928 953 62,
940 879 1003 936 264.
1018 885 1066 937 scd
1077 891 1102 936 ct
1119 885 1176 952 ipse

181 965 309 1029 errabat,
330 970 356 1015 et
366 964 434 1016 alios
444 965 525 1018 ctiam
540 981 631 1017 errare
646 965 765 1033 cogebat.
785 963 820 1015 nd
835 965 914 1017 Fam.
931 965 957 1033 9,
970 965 1015 1033 25,
1032 967 1058 1020 'le
1076 967 1182 1022 Celsus⁴

181 1048 247 1114 s,1.
263 1067 290 1116 p.
300 1046 361 1101 561.
378 1051 490 1102 macilla
503 1067 565 1102 uero
575 1049 734 1101 estmollcos
748 1065 826 1117 eopuc
839 1066 895 1101 unc
912 1057 958 1104 est.
985 1053 1066 1104 Cuius
1081 1053 1174 1106 eadem

181 1140 207 1186 et
223 1134 312 1186 media
326 1140 351 1186 et
366 1134 448 1199 etiam
464 1133 520 1187 ima
532 1151 598 1202 pars
614 1139 729 1185 mentum
745 1139 792 1186 est.
827 1133 968 1202 Lamprid.
988 1135 1129 1190 Commod.
1143 1135 1173 1190 1.
1218 1135 1221 1140 ’

183 1218 353 1270 Commodum
370 1217 478 1270 Marcus
492 1224 518 1290 ct
536 1219 592 1271 suis
604 1217 756 1286 praeceptis
777 1223 803 1270 et
824 1219 905 1272 eticm
919 1237 1080 1290 magnorum
1094 1206 1174 1291 cipue

182 1302 341 1372 optimorum
357 1303 477 1375 uirorum
496 1303 602 1356 erudire
617 1308 726 1371 conulns
742 1308 787 1355 est.

215 1404 354 1474 Antiquae
375 1403 566 1473 negligentius
593 1404 770 1458 tribuendum
799 1402 909 1458 videtur
930 1405 1022 1459 Pluut.
1045 1406 1125 1461 Triu.
1146 1407 1174 1472 5,

183 1487 267 1557 258.
295 1509 355 1560 ego*
362 1490 471 1556 ducam,
489 1498 581 1559 patcr4
600 1491 682 1543 etiam
697 1490 760 1543 etsi
775 1507 856 1559 quom
871 1492 955 1545 uliam
968 1492 1076 1544 inlotis.
1097 1492 1174 1548 Pliu.

181 1558 250 1629 Pan.
260 1570 305 1639 85‚'
315 1574 340 1629 1.
360 1576 416 1629 iam
431 1577 511 1630 ctiam
527 1575 592 1633 etin
605 1575 773 1644 privatorum
786 1577 883 1630 animis
897 1577 1045 1629 ecolcosrat
1058 1579 1176 1645 priscum
1212 1617 1223 1632 .-

101 1679 103 1682 ’
183 1661 339 1713 mortalium
362 1663 472 1727 bonnm,
498 1660 629 1719 amicitia.
654 1657 885 1714 ubiSchueierus
902 1659 1013 1713 librarii
1028 1661 1176 1736 negligun-

115 1773 124 1791 ν
183 1743 255 1798 tium
275 1734 470 1815 corrigendum
493 1748 586 1798 censat
607 1743 831 1798 dcleudoetiam:
853 1748 906 1801 uec
928 1763 1070 1817 repugno,
1091 1764 1180 1818 quum,

104 1870 107 1884 .
183 1829 220 1883 ud
240 1830 322 1885 etiam
338 1831 464 1900 proximo
483 1829 646 1884 antecedens
657 1828 789 1897 respicio.

218 1932 277 1986 cic}
296 1933 330 1984 do
344 1933 413 2002 Leg,
427 1931 454 1997 3,
469 1932 496 1999 2,
511 1931 537 1984 4.
562 1912 658 1985 deinde
680 1932 761 1986 etiam
781 1933 904 2002 deinceps
914 1937 1028 2003 posteris
1041 1938 1175 2009 prodeba-

185 2021 250 2071 turs
270 2018 340 2086 quod
358 2024 383 2069 ct
402 2018 431 2068 in
447 2018 489 2071 lu's
504 2018 601 2082 eliam,
627 2018 672 2086 pul
688 2034 758 2069 nnnc
772 2025 907 2086 regnant,
931 2028 1031 2074 manet.
1066 2021 1176 2075 Orellio

99 2112 103 2117 “
181 2107 339 2178 suspectum
352 2100 465 2157 videtur
480 2109 517 2172 et.
535 2102 583 2157 rei
599 2100 664 2153 vido
679 2119 706 2154 n.
721 2099 746 2153 9.
773 2100 809 2153 ud
822 2102 901 2156 Fam.
919 2101 945 2168 5,
960 2103 987 2171 2,
1001 2102 1045 2156 26.
1074 2107 1176 2159 addam

181 2194 210 2242 ut
225 2187 295 2240 illud
309 2188 397 2240 ctiam.
427 2186 484 2240 Sed
499 2187 559 2240 cod.
573 2185 673 2239 modic.
689 2185 844 2239 nonhabet
858 2192 892 2240 et.
918 2187 1050 2256 Quinctil.
1059 2189 1085 2255 9,
1094 2190 1120 2256 3,
1131 2190 1176 2245 37.

182 2278 286 2326 constat
300 2277 326 2325 et
343 2272 405 2323 aliis
423 2273 614 2325 etiamnunc
645 2271 717 2339 quod
734 2268 912 2339 Spaldingius
927 2272 1051 2326 nominat
1069 2275 1176 2328 stribli-
1216 2281 1217 2285 ’

183 2353 287 2428 ginem.
317 2354 378 2412 Lis.
395 2355 438 2422 21,
457 2355 500 2421 54,
522 2356 548 2411 3.
574 2363 606 2409 ut
619 2362 644 2409 et
658 2370 767 2408 numero
782 2357 881 2421 ctiam,
908 2373 962 2408 non
980 2358 1077 2409 animis
1089 2361 1177 2425 modu

183 2429 322 2512 valentin
346 2439 461 2511 singulis
477 2442 551 2494 eolis
573 2438 686 2494 novenos
709 2456 740 2493 ec
764 2441 859 2492 turmis
880 2442 1073 2510 manipulisque
1096 2442 1178 2497 uestri

181 2526 281 2581 similm
303 2525 413 2595 eligite.¹
435 2515 492 2579 ssu
507 2526 566 2579 cod.
582 2527 643 2580 flor.
661 2543 676 2578 c
691 2542 809 2578 numero.
836 2525 871 2578 ef.
893 2532 949 2578 not.
965 2526 1000 2578 ud
1020 2526 1090 2579 scat.
1107 2525 1176 2582 Silv.
1215 2534 1231 2601 ‚⁴

182 2626 211 2680 p.
228 2609 271 2663 12.
290 2611 404 2681 Sueton.
420 2610 499 2663 caes.
517 2611 559 2664 76.
585 2608 631 2665 sed
646 2619 671 2665 et
686 2611 820 2680 ampliora
835 2611 917 2664 etiam
931 2603 1047 2689 humano
1057 2613 1178 2683 fastigio
1203 2605 1208 2613 '
1241 2632 1243 2638 ·

91 2719 93 2727 >
182 2693 289 2749 ueremi
304 2696 356 2748 silei
369 2714 463 2764 passus
477 2704 522 2751 cst.
542 2697 591 2749 ubi
604 2699 701 2750 Bucm.
730 2696 772 2748 (li.
789 2696 913 2750 Oudenoi.
930 2697 966 2749 ud
982 2697 1084 2750 Neron.
1101 2695 1144 2751 45.
1212 2709 1232 2719 ·’

150 2823 153 2828 ⁴
218 2798 347 2868 Propert.
372 2799 399 2865 2,
425 2797 507 2866 9,18
529 2799 568 2870 (i,
586 2796 645 2868 56.)
670 2806 735 2853 tunc
756 2800 838 2854 etium
861 2798 932 2867 felic
955 2801 1026 2854 inter
1048 2809 1074 2855 et
1097 2819 1177 2855 armn

181 2886 280 2957 pudor.
1091 2903 1096 2927 ¹

220 2975 419 3041 cin‘inVerr.
435 2985 462 3052 1,
478 2984 561 3051 4,11.
590 2992 669 3039 erunt
691 2985 736 3054 qui
759 2953 797 3039 el⁸
810 2987 840 3040 in
859 3003 889 3040 co
910 2991 1009 3058 psloqnc
1033 2976 1186 3046 audaciam¹

183 3072 242 3128 eius
258 3074 463 3142 reprehendant.
489 3071 539 3124 ubi
554 3070 703 3123 absurdum
718 3076 807 3137 essct,
820 3070 851 3124 ,si
862 3071 927 3140 *quis
942 3072 1113 3129 existimaret
1128 3093 1178 3144 por
1263 3115 1269 3126 ,

184 3157 391 3211 anacoluthium
407 3156 487 3225 sequi
499 3156 588 3208 -vorbu
602 3163 681 3208 erant
700 3158 781 3210 etiam
792 3160 920 3223 fortasse.
955 3159 1017 3212 Liv.
1026 3160 1123 3226 41,24,
1132 3160 1178 3219 16.

184 3243 364 3294 commercium
385 3249 492 3295 tantum
510 3240 577 3294 iuris
591 3236 741 3309 praebendi
755 3244 940 3311 repetendique
958 3246 1008 3312 sit,
1035 3263 1068 3297 nc
1093 3247 1178 3299 inter·
1269 3234 1290 3257 *¹

187 3325 303 3378 dictione
321 3328 422 3413 finium
442 3333 641 3393 nostrorumpt
659 3343 708 3379 nos
731 3344 829 3394 quoquc
854 3344 939 3396 ncgno
961 3346 1117 3396 arceamus,
1143 3347 1178 3385 etc
1236 3335 1251 3348 ”

97 3425 103 3445 ⁸
141 3434 150 3449 ι
185 3409 270 3474 seruis
284 3413 379 3470 nostris
394 3414 483 3482 aliquo
493 3415 595 3481 sugero
608 3411 696 3464 liceat.
716 3411 860 3466 Columell.
875 3412 920 3466 12.
937 3415 1024 3481 pruni.
1034 3416 1076 3470 16.
1094 3435 1178 3486 quom

98 3512 105 3536 r
182 3494 245 3548 >iam
262 3502 288 3548 et
304 3497 388 3548 villici
404 3516 502 3567 quoquc
517 3504 694 3551 successerunt
716 3498 745 3550 in
768 3499 851 3552 locum
869 3498 1043 3553 dominorum.
1078 3500 1176 3555 Volloi.

185 3579 248 3638 Pu.
271 3580 297 3647 1,
320 3581 364 3647 lt,
388 3582 413 3638 2.
442 3591 473 3638 nt
493 3591 518 3638 ct
540 3584 646 3639 Licinn
668 3599 768 3652 quoquc
785 3583 909 3654 priorum
931 3585 1017 3640 aetati
1040 3587 1177 3641 adstruens.
1261 3612 1264 3620 ¹
1290 3639 1293 3642 ,

189 3665 269 3719 ortu.
284 3667 355 3720 Hor.
370 3665 414 3730 16,
424 3665 468 3723 92.
844 3693 847 3701 ·

102 3767 106 3776 ’
219 3769 263 3823 Ab
278 3768 323 3824 his
337 3769 450 3823 divorsa
465 3773 535 3835 sunl,
555 3771 585 3823 in
601 3770 699 3841 quibus
713 3777 739 3825 et
754 3771 789 3825 ub
803 3770 883 3839 initio
897 3770 1016 3842 positum
1033 3772 1115 3826 simul
1130 3789 1178 3827 co·

182 3852 340 3924 pulctivam
354 3855 412 3907 rim
427 3859 535 3908 servat:
562 3856 696 3924 Quinctil.
714 3857 740 3922 1,
755 3854 781 3922 5,
796 3856 838 3911 42.
867 3877 948 3928 quum
972 3860 1045 3927 apud
1063 3859 1179 3912 Graecos

184 3947 212 3994 u
226 3941 257 3992 in
278 3939 354 3995 verli
368 3947 427 3994 tota
438 3941 618 4006 scre‘rntione
635 3950 661 3996 et
682 3943 712 3995 in
726 3943 876 3995 nominibus
896 3935 1124 4014 deprilsendatnre
1151 3949 1179 3997 ct

118 4019 123 4027 “
186 4024 225 4076 sic
244 4041 347 4092 quoque
365 4025 517 4081 rarissimus
539 4025 594 4078 elus
613 4027 649 4079 sit
660 4018 732 4080 usui.
757 4026 841 4093 2,16,
856 4026 899 4079 14.
916 4027 941 4081 4.
959 4026 1018 4098 pro.
1034 4027 1060 4080 i.
1082 4030 1179 4084 Celsus

183 4107 280 4244 Prluol.
295 4107 397 4164 libnl.
414 4106 500 4187 psl&
518 4117 544 4167 ct
559 4128 671 4170 mussas
682 4129 783 4190 quanin
798 4113 948 4169 aestimatio
962 4130 1041 4188 saspc
1056 4115 1178 4186 morium

184 4207 213 4246 so
224 4192 272 4250 uit.
383 4194 387 4200 ’
990 4230 1007 4247 <=
1078 4208 1080 4213 '
