2618 4770
208 340 272 406 814
593 326 597 331 ’
681 329 791 399 DVM.

272 493 345 551 Nom
360 489 390 544 in
403 487 517 543 burello
531 485 708 542 inveniuntur
720 488 792 555 leci,
818 487 848 541 tn
862 486 962 557 qnlbne
978 484 1091 541 libuerit
1103 486 1257 557 qnidmte

275 593 416 643 memore
434 576 498 628 dum
511 573 680 643 seripserunt
692 580 846 667 profluum.
863 571 920 625 vid.
938 570 964 637 i,
979 571 1022 625 19.
1040 571 1067 637 8,
1083 570 1109 625 4.
1178 636 1181 641 .
1206 606 1209 611 -

309 682 385 735 Hirt.
403 678 437 730 de
453 680 487 731 B.
508 676 595 731 Afric.
606 674 649 730 61.
669 676 775 745 iamque
789 678 890 728 comer
904 675 967 726 dum
984 666 1125 729 exereitum
1140 678 1256 731 redueere

273 764 584 821 intramunitioneesnae
593 761 730 831 coepisset,
748 760 834 812 cubito
849 759 986 812 uniuersus
1002 761 1139 835 equitatus
1153 746 1255 815 ulteiier

273 850 452 905 Numidarum
470 848 693 915 Gaetulorumque
714 846 772 898 eine
786 846 877 911 frenis
902 846 939 897 ad
961 846 1083 897 dextrum
1104 852 1211 915 partem
1229 862 1252 897 re

271 950 375 989 mouere
397 960 432 969 —
453 934 544 1001 eoepit.
580 930 764 983 scribendum
788 937 830 983 est
854 947 887 982 ex
913 928 1102 999 Oudendorpii
1126 928 1250 983 sententie

272 1036 359 1090 qnam.
392 1015 518 1085 Itemque
539 1034 563 1069 e.
585 1014 628 1069 88.
653 1016 779 1084 quidum
796 1017 888 1068 anima
902 1016 1020 1068 nondum
1037 1016 1177 1084 exspirata
1197 1032 1249 1067 een·

271 1105 391 1167 uidisset,
409 1128 445 1141 ·-·
467 1101 523 1169 ipse
544 1101 599 1153 suis
621 1102 744 1153 manibus
763 1102 860 1154 uulnus
881 1099 1058 1152 crudelissime
1080 1101 1191 1153 divellit.
1217 1099 1247 1151 lit

273 1206 297 1240 e.
310 1186 354 1241 m.
374 1187 438 1251 dum
459 1187 524 1239 baec
543 1187 583 1238 ita
593 1188 694 1253 fierent
712 1190 764 1238 etc.
800 1185 872 1238 Bell.
887 1184 1002 1252 Hispan.
1018 1183 1061 1239 23.
1088 1186 1132 1239 bie
1150 1184 1244 1239 dumis

272 1291 350 1342 opere
374 1272 460 1324 nostri
483 1271 593 1345 distenti
620 1276 720 1335 essent,
755 1270 900 1340 complures
922 1287 953 1321 er
977 1269 1113 1337 superiore
1137 1268 1242 1321 loeoad·
1304 1300 1306 1305 ·

269 1357 448 1411 versariorum
464 1357 675 1408 decucurrerunt.
717 1355 795 1407 Adde
819 1354 889 1417 o.‚l.
913 1353 963 1406 ubi
989 1358 1081 1407 temen
1099 1372 1116 1407 e
1131 1340 1240 1425 plurimis

272 1443 351 1497 codd.
375 1440 553 1494 restituerunt
569 1440 702 1493 detinetur
717 1457 767 1511 pro
784 1440 953 1493 detineretur.
978 1436 1034 1491 vid.
1052 1458 1079 1508 p.
1092 1440 1154 1495 tlt.
1197 1498 1200 1505 ,

215 1602 219 1607 ,
304 1547 463 1597 Hunorum
480 1540 667 1607 considerent,
696 1541 745 1611 qui
767 1543 801 1595 de
823 1547 914 1596 aetate
934 1542 1057 1596 Phaedri
1083 1548 1111 1596 et
1130 1539 1238 1612 Dionysii

269 1629 380 1685 (betonis
395 1626 483 1680 acturi
498 1632 567 1679 sunt.
604 1629 646 1679 ct.
662 1628 738 1680 locos
749 1633 830 1680 entee
840 1645 867 1694 p.
876 1626 937 1682 313.
956 1627 1110 1684 nominetes
1124 1630 1236 1701 etceten.

267 1714 338 1773 nise.
353 1714 380 1783 2,
395 1712 422 1767 8.
439 1712 488 1770 ubi
501 1711 661 1767 iamdudum
674 1717 853 1766 correxerunt
872 1715 974 1769 metuis.

282 1846 314 1905 9.
344 1839 448 1925 Saepe
478 1839 513 1903 in
550 1839 653 1925 nitere
691 1839 927 1904 enuntiationis
988 1851 1057 1906 erte
1089 1842 1240 1907 adduntur

197 1925 354 1993 vocabula
373 1920 927 2013 queremini-‘eneam
1000 1916 1103 2009 iiius,
1126 1926 1241 2003 111411θ

198 2024 232 2081 et
252 2012 305 2101 olii
321 2010 420 2074 etiem
438 2011 581 2074 interim
595 2012 770 2093 dixerunt,
793 2012 907 2076 Cicero
925 2034 996 2076 neu
1010 2013 1105 2078 item.

300 2132 412 2185 Terent.
433 2130 547 2195 Ennb,
569 2128 595 2197 5,
612 2130 654 2185 44.
682 2132 744 2183 darn
767 2133 832 2185 baec
854 2151 953 2185 meeum
968 2142 1078 2203 reputo,
1111 2131 1264 2205 annuitur·
1304 2160 1306 2167 ·

263 2219 383 2269 leuatum
397 2216 500 2269 interea
513 2217 600 2285 uirgo.
634 2215 661 2280 2,
679 2215 705 2279 2,
719 2215 764 2270 24.
782 2216 840 2270 (iic.
857 2237 884 2286 p.
901 2217 995 2284 Quint.
1010 2216 1036 2283 ii,
1051 2218 1095 2271 28.
1111 2218 1177 2271 linea
1188 2217 1253 2269 tun

263 2302 365 2355 Romae
377 2310 525 2370 geruntur,
545 2301 669 2366 Quintius
683 2301 787 2355 interea
801 2331 837 2341 -
852 2303 885 2356 de
899 2305 972 2357 saltu
987 2321 1108 2375 agroque
1121 2286 1258 2356 eommussi

263 2406 281 2439 α
293 2387 373 2438 seroie
387 2387 564 2437 commonibus
579 2387 607 2438 oi
621 2386 781 2447 detruditur.

298 2490 411 2541 Terorrt.
427 2489 496 2540 Eun.
512 2488 539 2553 2,
562 2488 588 2557 2,
611 2486 655 2547 24.
679 2489 742 2542 dum
763 2490 828 2543 baec
849 2491 996 2560 loquimur,
1025 2493 1129 2545 interea
1150 2491 1202 2543 loei
1214 2474 1265 2539 ad

261 2575 400 2627 macellum
416 2574 462 2624 ubi
478 2574 632 2629 advenimus
647 2579 700 2629 ete.

297 2677 355 2730 Cic.
370 2695 397 2745 p.
412 2678 494 2729 Reso.
509 2677 569 2729 dm.
581 2676 624 2743 32,
633 2676 676 2730 91.
694 2678 757 2729 olum
771 2678 795 2731 is
808 2678 838 2730 in
852 2679 915 2731 aliis
927 2680 1003 2731 rebus
1019 2686 1081 2732 erat
1097 2683 1265 2749 occupatos,

260 2763 306 2832 qui
320 2778 448 2813 summurn
463 2778 552 2813 rerum
565 2762 788 2827 administrabat,
813 2771 891 2815 erant
909 2765 1028 2830 interea,
1057 2766 1175 2834 quisuis
1190 2756 1267 2815 mrl‘

259 2849 366 2899 neribus
388 2846 564 2899 mederentur.
606 2845 636 2898 in
660 2848 738 2900 Verr.
761 2845 787 2911 5,
807 2845 850 2913 85,
872 2845 915 2902 91.
942 2850 1007 2901 haee
1030 2852 1094 2903 dum
1117 2854 1268 2920 aguntur,

259 2933 362 2982 interea
379 2931 527 2982 Cleomenes
545 2931 601 2982 iarn
616 2933 652 2984 ed
664 2933 743 2983 Eteri
763 2933 826 2984 litus
841 2942 1007 3001 peruenerat.
1040 2935 1103 2989 Liv.
1120 2936 1166 3001 21,
1180 2934 1207 3001 i,
1221 2928 1268 2987 1·

260 3017 323 3067 olum
336 3032 370 3067 ea
387 3015 506 3065 Romani
523 3022 628 3083 purant
647 3018 861 3085 consultantem,
888 3019 944 3071 iam
966 3021 1122 3089 Saguntum
1144 3016 1274 3074 summa

257 3102 285 3153 oi
300 3100 517 3171 oppugnabatur.

291 3200 582 3265 1¹1out.,Tr1n.1,1‚8.
609 3205 673 3257 dum
689 3206 732 3258 illi
746 3212 904 3281 aegrotant,
923 3206 1029 3260 interim
1038 3225 1122 3260 mores
1137 3208 1266 3261 malis

255 3291 439 3341 succreverunt
459 3285 599 3348 uberrime,
627 3287 653 3354 3,
670 3289 696 3356 3,
709 3290 752 3343 28.
786 3292 860 3342 Men.
876 3291 901 3355 l,
920 3291 946 3356 8,
962 3290 1006 3343 31.
1025 3290 1087 3345 niv.
1105 3292 1148 3357 21,
1166 3292 1263 3359 diffie

255 3374 318 3425 dnm
340 3368 483 3420 Hannibal
505 3396 539 3408 -
572 3373 675 3427 traiicit
706 3360 819 3445 gravius
841 3375 964 3443 peditum
987 3394 1102 3445 agmen,
1137 3376 1263 3431 interm

255 3454 340 3521 Mago
356 3452 504 3522 equitesque
517 3483 554 3495 -
567 3458 731 3521 Placentiam
747 3458 783 3509 ad
798 3458 884 3510 lebetes
903 3462 1071 3514 centendunt.
1098 3461 1143 3527 21,
1157 3460 1205 3529 29,
1220 3464 1256 3515 1.

253 3536 335 3603 8,.23,
349 3537 374 3589 1.
396 3532 422 3602 5,
438 3538 482 3603 47,
498 3540 523 3593 1.
551 3538 577 3606 ii,
594 3540 637 3606 28,
657 3542 683 3603 5,
707 3539 791 3615 diist.
820 3541 895 3595 Hirt.
912 3545 946 3597 B.
962 3544 1013 3597 eir.
1028 3544 1070 3598 51.
1099 3547 1258 3600 donem

254 3638 336 3691 opera
349 3650 384 3659 —-
395 3624 503 3688 fiebant
525 3644 543 3676 a
562 3626 723 3693 legionibus,
749 3627 855 3679 interim
872 3647 939 3699 pare
953 3631 1011 3682 acie
1027 3638 1090 3684 ante
1113 3650 1183 3703 epus
1203 3634 1252 3684 ἐπ’

251 3712 354 3763 deuota
369 3709 416 3759 sub
434 3708 507 3761 baete
519 3710 617 3761 elebat.
652 3709 744 3765 Tacit.
759 3713 829 3765 dnn.
844 3713 869 3769 1.
884 3713 927 3768 46.
1156 3710 1160 3715 ’

267 3822 308 3887 ΙΙ.
332 3830 361 3889 1.
383 3824 455 3887 Hoc
467 3827 630 3912 temporis
645 3828 791 3921 spatium
807 3831 932 3901 duobus
944 3836 1043 3900 rebus
1060 3856 1241 3901 commune

183 3920 309 3985 certem
330 3930 520 3973 mensuram
542 3910 665 3975 hebere
688 3925 720 3977 et
740 3918 781 3980 nd
799 3919 942 4004 aliquem
957 3924 1140 3987 terminum
1156 3944 1240 4011 pro·

182 3996 260 4063 duci
286 4006 408 4083 potest.
470 3994 562 4060 Tum
590 4019 663 4071 voe.
693 4000 910 4090 idemipsum
942 4004 1032 4070 huno
1057 4010 1239 4072 terminum

172 4080 345 4183 pignifient
381 4078 518 4173 tamdiu
534 4104 713 4183 Qgffl
736 4110 768 4183 q,
777 4090 962 4179 5Q2,§9,lssn
992 4092 1095 4156 euls.
1131 4096 1240 4179 Atque

180 4178 227 4235 rte
246 4165 335 4233 ambr
351 4154 545 4233 uidiiffids
562 4191 612 4235 ren
626 4168 648 4236 4
676 4182 782 4267 Qun
798 4196 861 4263 per
876 4114 1161 4264 eufimie-ius
1179 4176 1237 4241 rei.

262 4246 571 4275 μῆν’-Ὤμην·
589 4256 592 4261 -
