2618 4770
88 637 96 696 ll

87 808 110 889 ri

87 850 107 985 a!

452 248 594 341 cuca.
639 275 824 349 ciacvaa
1121 286 1163 349 so

144 433 210 499 circo
264 435 396 495 nnntnr
417 448 484 517 pro
502 425 567 508 acl,
589 426 702 515 opud,
724 425 833 495 iaxta.
875 430 961 495 Hinc
979 432 1074 499 circa
1092 457 1162 506 csse

144 540 219 608 proo
255 527 349 580 tare.
390 515 458 582 vid.
473 516 625 581 Gronov.
642 513 682 579 ad
697 514 769 582 Liv.
783 521 846 597 96,
863 517 923 598 49,
942 521 994 582 13.

227 636 341 691 Sueten.
367 635 434 691 Ner.
458 632 501 688 38.
528 636 657 704 quaedam
684 637 781 689 horrca
810 637 880 690 circa
909 639 1013 692 domam
1042 658 1159 698 auream.

192 720 265 777 ttrit
282 723 354 775 Anu.
366 719 400 788 4,
414 718 457 774 ll.
476 717 555 772 arani
574 718 749 784 cosentiae,
767 738 844 773 aram
868 723 1023 790 Amicitiae,
1040 729 1161 798 effigies-

103 794 106 803 '
187 823 226 876 quc
244 807 345 859 ιίπιιιιι
360 803 491 859 *Umbris
518 821 550 857 ao
575 803 668 857 Seiani
696 821 823 858 cenanrc.
882 805 942 860 aiv.
965 807 1016 874 26,
1039 808 1089 876 49,
1115 813 1159 868 lb.

186 897 265 945 aetate
285 893 422 956 etfama
440 890 567 956 floccatae
589 888 660 942 orca
687 895 765 942 erant
787 889 909 944 Indibilis
926 892 1014 960 filiae.
1036 900 1067 948 nt
1089 896 1160 949 bena

87 1026 92 1057 ,Ι
189 973 341 1027 emendavit
365 973 529 1027 Gronovius.
560 973 659 1025 Horat.
683 971 740 1024 Sat.
755 971 789 1036 2,
805 971 838 1038 Β,
854 972 881 1039 o.
900 977 976 1029 acria
997 978 1094 1033 οιίσιιιιι
1112 999 1159 1035 ra.

87 1131 90 1142 .
185 1059 263 1126 peta,
279 1059 413 1124 locarent,
431 1059 544 1111 radices.
562 1057 597 1110 tle
610 1055 680 1109 cibis
694 1072 749 1109 una
763 1073 826 1108 cnm
839 1074 907 1127 apro
922 1061 1062 1129 appositis.

223 1159 299 1214 Hinc
313 1158 397 1214 etiem
414 1144 525 1228 usrpant
535 1158 605 1212 cirea
621 1159 657 1212 ue
678 1160 760 1213 rebus
777 1158 808 1215 in
827 1159 921 1230 aliqua
942 1164 1057 1234 regione
1073 1147 1158 1223 collo·

87 1194 89 1208 ,
186 1244 292 1311 emto,
319 1245 432 1300 Sueten.
447 1245 526 1329 caes.
543 1241 585 1300 48.
603 1244 668 1300 Ner.
686 1243 730 1298 13.

225 1348 326 1401 Critici
342 1352 470 1416 compta
483 1365 542 1400 esse
557 1347 732 1417 pronuntiant
742 1349 829 1402 verba
842 1349 921 1403 Flori
935 1348 968 1417 4,
982 1352 1015 1418 2,
1030 1354 1074 1410 91.
1091 1352 1161 1415 circa

186 1433 281 1502 napta
297 1433 439 1503 imagines.
475 1431 531 1485 Sed
549 1429 635 1502 quum
649 1433 794 1486 Suetonius
808 1433 841 1486 de
856 1435 975 1489 Caesare
995 1454 1019 1491 o.
1034 1438 1078 1492 76.
1094 1458 1160 1496 aar·

188 1520 243 1582 ret,
266 1515 295 1569 ei
311 1517 424 1571 (learns
438 1515 524 1571 fuisse
543 1519 659 1590 templa,
678 1535 758 1584 aras,
782 1518 942 1586 analecta,
961 1519 1082 1595 intelligi
1096 1543 1159 1596 pos·

188 1602 245 1655 sunt
257 1602 363 1670 templa
381 1607 410 1659 et
424 1601 574 1661 slmnlacra
594 1604 700 1699 suanm
719 1620 754 1659 es
768 1601 866 1674 posits.

199 1767 230 1828 8.
254 1763 320 1830 Sed
336 1788 409 1833 non
423 1775 552 1834 tantam
568 1766 608 1833 de
622 1765 773 1855 pluribus
795 1763 893 1830 rebus
919 1765 1161 1836 circumstanti-

134 1841 233 1913 busita
251 1849 388 1934 dicitur,
410 1852 526 1919 virum
549 1854 646 1918 etiam
665 1851 705 1919 de
726 1872 793 1916 una
820 1873 876 1932 rc,
899 1873 961 1916 nec
984 1855 1094 1920 solum
1118 1857 1160 1922 de

135 1931 249 2017 regiam
275 1939 427 2004 exomni
448 1940 594 2026 undique
617 1948 713 2026 parte
735 1936 929 2024 conspicuo,
950 1939 1007 2004 sed
1029 1940 1071 2006 de
1088 1963 1158 2008 uno

136 2013 193 2084 loco
213 2020 278 2102 ito,
298 2033 336 2087 ut
378 2024 456 2097 iram
474 2025 564 2089 idem
586 2025 629 2088 sit
656 2023 746 2110 quod
771 2021 839 2102 ad,
862 2021 977 2106 iaxta,
992 2037 1161 2094 nostrum

137 2098 190 2180 lei,
207 2107 258 2171 vel
274 2104 316 2176 de
331 2130 372 2173 eo
389 2121 552 2197 ponatur,
572 2107 665 2196 qtrod
680 2130 751 2175 rem
766 2108 904 2195 attingat
921 2110 1159 2199 propinquam,

137 2186 179 2255 tbi
190 2212 247 2257 nos
266 2193 424 2285 §armani
440 2219 489 2260 on
504 2194 653 2261 dicimus.

216 2311 328 2368 Sueten.
344 2315 439 2369 clani.
455 2315 498 2369 36.
515 2315 630 2387 qondam
656 2341 690 2354 -
709 2329 766 2364 com
781 2315 860 2378 serra
874 2293 946 2366 circa
967 2316 1161 2385 sacrificantem

190 2413 213 2451 ιι
225 2399 400 2470 waima,
418 2408 538 2454 matitia
558 2418 608 2470 per
628 2415 771 2469 praecones
788 2415 903 2468 propere
925 2403 1082 2456 conuocauit.
1118 2406 1162 2458 Dc

192 2481 246 2538 tliis
258 2484 331 2538 locis
348 2484 424 2540 Suet.
442 2484 501 2540 Tit.
516 2483 542 2538 4.
559 2489 587 2538 et
602 2483 711 2538 Tibulli
725 2481 791 2536 vius
805 2483 898 2553 paullo
913 2489 984 2553 post.

217 2587 352 2643 Proculum
364 2587 393 2642 in
409 2587 516 2667 Digest.
532 2588 583 2654 18,
600 2587 632 2654 1,
648 2585 691 2639 69.
713 2585 820 2641 nocito
835 2586 915 2640 Pulla
928 2587 991 2641 erait
1002 2588 1088 2642 heom
1108 2590 1159 2644 Sa-

187 2670 494 2812 garmaogalartaa
507 2677 533 2729 et
545 2666 797 2745 airaa‘eonilaoan
817 2672 899 2744 peda
917 2673 1012 2728 accen
1045 2672 1161 2732 Paullus

208 2793 216 2822 ,
252 2795 262 2822 ,
310 2797 320 2812 .

198 2917 229 2985 4.
248 2919 462 2986 Hacratione
474 2918 572 2986 xcirca
593 2930 627 2986 et
641 2921 769 2986 circum
783 2924 963 3005 usurpatur
977 2914 1018 2980 de
1039 2936 1160 3003 perso·

137 2996 190 3084 lit,
215 3027 299 3093 quae
323 3028 401 3072 cum
420 3007 532 3093 aliquo
548 3023 581 3073 et
595 3008 630 3072 in
646 3007 765 3072 vicinia
780 3010 1052 3083 commorantur,
1069 3011 1101 3066 et
1120 3001 1162 3066 de

136 3087 348 3175 stipatoribus,
370 3092 565 3174 comitibus,
582 3091 761 3172 ministris,
782 3099 815 3153 et
835 3086 998 3178 proximis
1020 3088 1161 3153 cuiusuis

135 3177 259 3257 generis,
282 3189 316 3244 et
331 3178 371 3243 de
386 3178 443 3258 iis,
462 3197 606 3266 quorum
628 3176 848 3242 familiaritate
864 3172 916 3240 vel
933 3172 1060 3239 assidua
1076 3196 1161 3238 con·
1255 3247 1264 3259 Ι

88 3318 92 3323 .
134 3261 287 3328 suetudine
303 3265 448 3328 utimur:
474 3263 563 3350 quod
579 3263 701 3330 Graeci
727 3271 761 3327 et
781 3261 850 3343 nat
867 3283 949 3335 τινος
971 3258 1023 3324 vel
1043 3282 1111 3323 τινα
1128 3269 1161 3325 et

132 3336 195 3425 ital
214 3374 297 3427 τινος
320 3349 444 3414 dicunt.
489 3348 585 3414 Vnde
604 3347 771 3416 formulae
788 3346 902 3426 circa,
928 3343 1055 3410 circam
1079 3368 1161 3429 esse,

132 3430 290 3514 cirrose,
316 3436 412 3501 circa
441 3455 477 3499 se
498 3433 633 3501 babere.
679 3434 756 3517 tid.
788 3431 920 3498 (lortius
957 3431 999 3495 ad
1025 3429 1159 3496 Sallust.

131 3512 313 3605 Cat.14,1.
337 3519 555 3602 stodeat.
594 3518 786 3589 Brouklms·
802 3514 1087 3596 sdTibult.1,3,
1102 3521 1159 3582 87.

130 3598 299 3674 Cnoubon.
321 3607 363 3675 ad
384 3606 523 3673 Baeton.
547 3606 639 3673 Caes.
657 3608 717 3672 st.
758 3605 908 3670 Gronov.
932 3610 974 3667 et·
988 3599 1162 3667 Drakeub.

128 3686 238 3759 attia.
254 3700 314 3775 21,
326 3696 386 3776 49,
400 3698 433 3758 7.
474 3691 637 3776 Schwarz.
661 3690 702 3755 ad
719 3691 804 3756 Plin.
818 3691 898 3754 Pan.
917 3689 978 3770 88,
993 3691 1026 3754 3.
1069 3689 1161 3753 Vor-

127 3774 195 3842 ttius
209 3779 251 3845 de
275 3781 382 3846 Latin.
395 3777 480 3844 falso
494 3792 591 3866 susp.
611 3801 647 3866 p.
664 3780 740 3843 288.
782 3771 953 3842 Drakenb.
977 3771 1018 3837 ad
1041 3772 1111 3838 Liv.
1129 3778 1162 3855 1,

127 3859 232 3940 tt‚·1.
267 3870 330 3948 26,
360 3870 421 3942 49,
453 3868 517 3930 18.
542 3868 604 3944 86,
635 3865 695 3941 14,
726 3865 778 3926 12.
841 3860 952 3942 Quam
988 3857 1160 3924 vicinitatis
1211 3939 1214 3945 .

127 3951 280 4016 rationem
308 3952 337 4018 si
368 3950 627 4015 considerassent
654 3945 795 4034 Vulpius
826 3956 859 4012 et
888 3942 1160 4009 Wunderlichius

129 4033 159 4098 ad
176 4036 304 4102 Tibull.
319 4043 357 4118 1,
370 4043 413 4115 3,
432 4039 497 4114 87,
516 4033 745 4101 abstinuissent
764 4053 784 4094 a
798 4028 877 4097 falsa
898 4029 1072 4117 opinione,
1096 4050 1161 4114 qua
1214 4087 1216 4091 Α

130 4120 379 4208 ιοιιῐοιιὼὶιιιι,
409 4121 521 4191 σέτω,
534 4119 725 4189 sicimam
747 4137 819 4185 non
846 4115 889 4185 da
916 4136 985 4183 uno
1011 4113 1159 4196 homine,
