2618 4770
181 352 184 357 ,
209 280 275 347 rec
682 268 794 338 cvu.

207 431 291 525 ipsis
315 418 474 493 usitatum
498 422 720 511 interpolatos
751 421 913 489 videmus.
972 423 1082 511 Atque
1106 436 1206 509 sunt,
1237 428 1273 495 in

209 518 331 609 quibus
347 534 418 577 uon
434 508 532 573 focile
551 511 673 575 modus
691 511 731 575 eb
754 510 1000 585 instrumento,
1017 522 1074 575 eut
1091 535 1206 582 caussa
1231 516 1272 581 ab

208 590 341 673 ratione
372 595 612 683 distinguatur,
643 606 677 661 et
700 597 764 661 elie
789 595 951 683 quaedam
972 617 1018 662 ex
1040 598 1170 687 vulgari
1199 624 1272 665 ser-

206 711 310 757 mone
327 685 426 752 etiem
441 682 477 747 in
496 682 666 749 bonorum
690 682 896 770 scriptorum
914 680 1020 746 libros
1044 706 1104 773 per
1127 708 1273 753 consue-

206 776 360 843 tudinem
392 769 568 833 translatez
615 768 698 833 illud
728 779 842 833 temen
871 767 1027 833 omnibus
1060 773 1304 859 temporibus„

208 879 392 929 commuue
407 865 441 919 et
456 855 586 953 elegans
607 866 640 920 et
662 856 794 942 optimo
820 857 938 941 cuique
961 855 1144 941 probatum
1168 858 1271 925 fetisee

205 948 357 1022 videtur,
385 952 440 1023 ut,
463 940 521 1004 ubi
543 939 670 1027 aliquid
690 963 752 1028 per
773 940 926 1007 homines
950 951 1059 1007 ectum
1084 966 1157 1009 esse
1178 945 1269 1011 dice-

205 1046 318 1114 retur,
338 1052 383 1093 ne
398 1028 524 1091 deesset
538 1028 646 1112 ulique
662 1027 840 1094 voluntatis
859 1026 1069 1109 coniunctio,
1096 1052 1164 1117 pro
1181 1033 1266 1097 eim-

205 1120 288 1211 plici
304 1137 381 1181 cesu
400 1123 456 1178 cut
473 1134 536 1201 pro
559 1112 725 1177 vocabulo
744 1135 812 1200 per
832 1122 1016 1204 poneretur
1040 1134 1137 1201 cum,
1158 1119 1269 1185 socie-

206 1216 312 1273 tatem
330 1221 451 1290 operue
467 1198 667 1286 significuus.

311 1322 397 1393 Piget
411 1321 514 1374 iterum
536 1336 675 1389 apponere
694 1318 788 1372 omnia
810 1334 844 1372 ea
869 1320 1012 1389 exempla,
1034 1336 1106 1390 quea
1130 1320 1268 1391 Sanctius,

277 1410 343 1480 (tyr.
361 1408 520 1459 Guutlaerus
536 1405 564 1458 iu
580 1403 774 1458 eiuncescit
795 1404 826 1457 Ρ.
842 1404 867 1457 2.
887 1424 912 1475 p.
927 1404 1006 1473 25⁰„
1024 1406 1189 1461 Perieoaiue
1204 1408 1268 1461 elii-

276 1513 332 1565 que
358 1494 493 1562 perversa
517 1489 746 1558 interpretatione
760 1490 815 1542 huc
832 1490 974 1557 referunt,
998 1507 1018 1546 a
1037 1491 1117 1545 nobie
1140 1509 1191 1546 suo
1206 1492 1268 1547 loca

275 1578 413 1635 restituta.
455 1575 550 1627 Peuce
570 1574 717 1628 sufficiant.
753 1574 835 1629 ovid.
863 1575 932 1631 Met.
961 1576 995 1643 1,
1029 1574 1090 1631 lte.
1117 1579 1268 1645 terrificum

215 1722 219 1730 ,
273 1664 371 1733 eapitis
385 1661 514 1712 concussit
535 1666 626 1728 terque
649 1666 794 1729 quaterque
816 1661 977 1727 caesuriem,
997 1681 1056 1715 eum
1082 1680 1135 1733 quc
1154 1670 1265 1729 terren,

272 1766 364 1812 merc,
392 1746 482 1798 ridere
505 1744 597 1796 movit.
637 1743 803 1797 Perizonius
826 1744 988 1800 societatem
1009 1746 1053 1802 rei
1071 1749 1118 1801 rel
1140 1748 1275 1815 actioniea

271 1837 400 1891 Beuerus
415 1829 490 1882 idem
505 1834 612 1896 tempus
630 1827 779 1897 iutelligit,
798 1847 853 1898 quo
869 1837 897 1883 et
909 1832 1063 1885 caesariem
1078 1832 1186 1903 Iupiter
1201 1834 1265 1887 con-

273 1916 391 1975 cusserit
406 1923 435 1969 et
447 1921 552 1968 terram
564 1913 693 1968 moverit.
718 1915 762 1968 lta
777 1914 835 1969 iem
851 1915 1001 1969 Goelenius
1016 1919 1157 1973 Problem.
1175 1936 1263 1989 grem

207 2014 210 2019 '
272 2002 353 2071 Md.
366 2008 395 2055 et
410 2006 487 2053 reete
497 1999 628 2067 quideme
646 2006 688 2053 est
702 2000 786 2053 simul
801 1998 872 2053 cum.
890 2018 943 2053 uec
960 2008 1070 2071 expeto,
1088 2003 1195 2074 quidin
1210 2006 1264 2059 lece

273 2087 458 2159 explicatione
475 2085 599 2153 ineptum
615 2083 744 2138 rideatur
759 2086 903 2139 Wtillnero
921 2087 957 2139 dc
974 2088 1066 2142 Guaib.
1085 2106 1113 2160 p.
1127 2088 1172 2142 82.
1207 2088 1264 2142 lm·

273 2194 320 2231 mo
337 2173 466 2242 displicet
483 2169 621 2222 caesaries
638 2167 815 2225 instrumenti
836 2170 924 2226 ieater
944 2171 1079 2227 adhibite.
1113 2174 1195 2229 conl.
1220 2176 1263 2227 lu-

273 2279 323 2315 eue
344 2256 439 2313 Plauti
452 2254 525 2309 ltus.
546 2254 583 2322 6,
597 2254 631 2321 6,
647 2252 673 2309 6.
692 2274 719 2324 p.
737 2255 797 2309 leo.
834 2256 945 2311 Curtius
962 2255 995 2324 6,
1014 2256 1046 2323 1,
1061 2254 1105 2311 16.
1130 2258 1188 2329 ipse
1203 2264 1262 2313 'ean

273 2364 354 2400 curru
369 2344 477 2408 urbm,
504 2360 536 2395 uc
566 2343 791 2413 senseregsam
805 2342 926 2397 intravit.
943 2342 991 2397 ubi
1008 2342 1162 2408 Gelleriua,
1181 2360 1262 2411 prae-

271 2428 430 2503 positionis,
449 2426 554 2495 iuquit,
573 2425 735 2480 insolentior
749 2445 815 2480 usus
830 2427 940 2481 ridetur
953 2446 1072 2498 pompeo
1089 2434 1118 2483 et
1142 2444 1262 2499 appara-

269 2526 314 2572 tus
328 2514 489 2569 comitatum
509 2512 677 2581 siguificare.
693 2520 696 2529 ’
712 2510 774 2565 niv.
788 2511 822 2578 9,
842 2511 894 2578 16,
911 2513 937 2567 6.
956 2514 1104 2584 legatisque
1116 2514 1205 2566 musis
1225 2514 1261 2565 ed

268 2619 363 2675 pacem
387 2614 445 2651 cum
472 2599 596 2665 precibus
618 2598 771 2668 petendum.
819 2599 991 2667 Frequenter
1022 2598 1131 2652 scilicet
1160 2598 1261 2651 dicitur

268 2688 391 2760 precibus
411 2689 500 2752 petere
521 2700 615 2751 pacem
633 2682 705 2750 (vid.
726 2684 866 2738 Drelsenl).
889 2684 971 2751 adl,
987 2684 1038 2751 16,
1053 2684 1094 2752 ὃ.)
1116 2689 1146 2737 et
1162 2693 1260 2739 ccum

269 2769 455 2841 intelligitur,
474 2768 522 2820 sed
544 2767 638 2821 aestu
656 2770 861 2837 praepositione
883 2770 1026 2824 adhibitae
1048 2784 1146 2839 preces
1163 2768 1259 2821 dicun-

270 2866 318 2914 tur
335 2864 362 2910 et
380 2853 493 2919 medua,
514 2841 569 2922 quo
581 2869 636 2921 pax
649 2860 764 2923 petatur.
801 2855 859 2908 cic.
875 2855 911 2909 ad
926 2856 983 2909 att.
998 2855 1049 2919 ll,
1066 2851 1108 2907 15.
1145 2855 1261 2920 Weiss

272 2960 328 2995 une
340 2940 417 2993 mede
430 2957 486 2991 acu
503 2955 562 2991 eum
578 2956 684 3009 magua
698 2957 777 3010 prece
795 2942 834 2993 cd
855 2957 912 3007 me,
934 2941 981 2994 ecd
1003 2940 1171 2993 acerbissime
1191 2942 1259 2993 aeri-

204 3048 207 3053 ·
253 3070 256 3077 .
268 3029 333 3100 psit.
356 3025 484 3078 Lactant.
499 3024 534 3076 de
550 3023 597 3076 lra
613 3023 640 3077 d.
655 3022 705 3089 16,
719 3024 747 3078 2,
767 3042 884 3094 eumque,
901 3028 947 3094 qui
961 3027 997 3077 eit
1010 3026 1132 3079 deminuo
1154 3044 1188 3080 uc
1204 3044 1259 3097 pu·

270 3130 332 3167 reus
347 3112 481 3174 omnium,
498 3115 661 3161 uenerantur
677 3126 735 3161 cum
751 3112 872 3177 precibus
895 3112 1009 3164 assiduis
1027 3130 1058 3165 ue
1069 3114 1258 3180 frequentibus

269 3197 347 3249 uotis.
381 3194 440 3247 Alii
453 3194 521 3246 libri
535 3203 560 3247 ee
578 3195 716 3264 precibus,
738 3200 769 3247 ut
782 3197 854 3249 haec
874 3214 937 3249 cum
951 3195 1130 3249 interioribus
1155 3196 1259 3249 oolaae-
1302 3208 1305 3213 ·

268 3284 359 3333 reant-
390 3279 517 3333 Lactant.
535 3278 623 3331 instit.
637 3276 670 3344 5,
686 3278 735 3343 26,
752 3278 777 3332 8.
797 3283 961 3349 perticarum
983 3282 1116 3345 lacrimis,
1134 3296 1258 3359 ean-,ge-

267 3365 352 3428 mitu,
371 3380 429 3415 cum
449 3364 582 3432 sauguine
600 3364 632 3416 de
646 3365 769 3416 membris
786 3368 906 3419 omuibus
915 3370 1018 3434 fluente
1032 3368 1143 3419 libetur.
1179 3366 1258 3435 Quo-

269 3448 351 3501 modo
367 3445 439 3499 haec
458 3448 645 3516 explicentur,
663 3464 749 3503 unum
764 3451 932 3503 vocobulum
945 3452 1062 3521 gemitus
1076 3451 1205 3506 ostendit.

305 3550 384 3603 Caes.
407 3550 441 3605 B.
462 3549 529 3619 gall.
545 3549 580 3618 5,
594 3550 637 3606 58.
665 3554 763 3621 equites
782 3555 838 3606 teia
865 3552 1008 3609 coniiciuut
1029 3563 1055 3613 et
1072 3570 1178 3626 megae
1197 3572 1257 3609 eun
1299 3552 1303 3563 '

268 3635 430 3688 contumelia
448 3638 586 3688 cerberum
602 3644 706 3691 costroe
724 3640 761 3692 ad
779 3657 904 3709 pugnum
927 3648 1042 3695 evocant.
1076 3640 1210 3711 Intelligo
1227 3648 1257 3697 et

265 3718 331 3773 telis
350 3726 379 3770 et
401 3722 583 3786 contumelia,
601 3721 674 3775 inter
695 3721 895 3776 contumeliosa
909 3725 1005 3779 verbe.
1039 3725 1139 3795 Virgil,
1158 3724 1255 3792 (16.2,

264 3801 326 3857 423.
345 3805 405 3873 ipsu
419 3806 486 3859 eutis
502 3808 579 3861 tellus
593 3808 745 3860 ostendente
765 3808 912 3861 recluditur
932 3828 1014 3876 unco,
1035 3812 1137 3879 sufficit
1160 3812 1256 3865 dumo·

203 3890 206 3895 ’
245 3874 250 3883 “
265 3907 320 3959 rem
329 3895 355 3942 et
367 3889 500 3959 gravidae
516 3909 683 3945 cumecmere
692 3896 801 3965 fruges.
826 3894 942 3948 Servius
956 3894 1011 3949 ita:
1028 3914 1102 3947 cum
1113 3892 1253 3951 uluedets

263 3992 329 4029 uam
347 3977 394 4029 lece
410 3977 491 4048 dicit:
508 3977 693 4031 subministrat
701 3983 799 4049 fruges
814 3998 925 4045 uomere,
941 3978 971 4033 id
987 3986 1034 4044 est,
1049 3994 1099 4049 per
1112 3997 1253 4034 cernerem.

267 4060 390 4115 Vrbueue
403 4069 493 4115 temen
506 4062 545 4114 sic
559 4060 656 4131 accipit
671 4064 803 4133 gracidus
820 4082 879 4117 mem
891 4079 1009 4129 occure,
1032 4064 1063 4117 id
1078 4072 1134 4130 eat,
1158 4065 1253 4118 stetim

260 4146 493 4217 persecutionem.
527 4143 663 4202 Neutrum
683 4154 776 4219 pateat
796 4148 921 4218 praeut.
955 4144 1083 4219 lieyuiua
1103 4144 1176 4203 vidit
1190 4166 1253 4205 ecee
