2618 4770
204 197 247 302 is
464 228 594 299 eruo.
638 168 794 325 centa.
838 230 1001 304 cuuto.

223 410 226 415 ·
272 400 357 445 ausas
380 388 438 440 ests
467 388 548 456 proto
565 391 687 458 Dryante
707 400 773 459 rege
790 394 957 460 pragam
977 397 1082 460 petrem
1112 392 1266 465 bprnrgnrn

272 475 362 541 nette.)
398 473 506 526 Maius
528 475 642 527 Medeae
668 475 788 539 Solunte,
815 477 916 543 optimu
941 492 1066 544 corpora
1088 482 1154 532 cette
1169 497 1266 535 mouns

274 567 392 623 esurus,
410 575 533 627 mensque
547 559 664 627 occipite.
706 559 801 611 Areios
823 556 993 628 Menalippa:
1018 563 1064 614 Ea
1081 581 1140 616 eum
1166 559 1266 635 aliquis

274 651 342 710 nette
358 644 388 695 io
406 651 588 712 conspertum,
609 650 734 708 nutans,
748 644 794 696 udi
811 650 869 709 est,
895 646 982 697 ducite
1001 646 1038 698 od
1063 666 1129 703 enm.
1163 650 1263 708 Paene.

272 729 422 791 Atalanta:
439 727 465 779 Is
481 734 628 780 aestrorum
647 734 706 779 uter
719 728 772 792 sit,
797 730 840 781 eui
853 730 962 799 signnm
980 731 1073 786 datum
1088 735 1150 788 esti
1169 745 1244 792 cette.

309 831 401 884 Plaut.
419 829 506 883 Mero.
519 828 553 897 5,
566 828 601 885 4.
615 829 640 882 4.
667 847 734 882 uror
749 830 799 883 titi
815 832 926 900 placido
946 839 972 885 et
992 835 1105 902 planeta
1123 847 1169 893 est.
1195 850 1265 894 certe

201 907 207 981 [
272 918 382 970 dextras
400 913 545 967 nunciam(
568 914 612 967 lta
626 914 711 968 editio
731 916 868 985 princeps.
902 916 952 969 Vir
976 918 1072 975 doctus
1091 923 1264 994 nescioquis

273 998 465 1064 bononiensis,
486 998 534 1068 qni
548 1001 705 1068 exemplar,
725 1001 798 1069 quod
815 1001 888 1071 opud
909 1018 954 1054 me
972 1010 1031 1070 est,
1049 1007 1144 1060 multis
1167 1007 1196 1061 in
1221 1010 1264 1062 lo·

270 1084 312 1139 eis
333 1082 507 1149 emendavit,
533 1083 605 1137 haee
624 1086 713 1138 verba
735 1085 776 1139 ita
798 1085 924 1156 scripsitt
954 1097 1021 1141 certe
1037 1091 1132 1144 denen
1155 1097 1261 1149 nansia.

271 1170 330 1227 Sed
346 1166 521 1223 Camerarius
536 1169 671 1249 eorrepitr
690 1177 755 1225 cette
769 1171 878 1224 destrue
901 1189 970 1225 nana
994 1175 1066 1226 inm:
1086 1175 1160 1244 qnod
1181 1178 1262 1231 dubi·

271 1255 430 1323 unipotens
452 1270 487 1308 en
511 1260 588 1309 reete
605 1254 715 1308 dicatur
731 1256 766 1310 ab
785 1273 828 1321 eo,
847 1256 895 1325 qui
911 1274 965 1309 non
979 1254 1037 1325 ipse
1053 1259 1173 1329 aoeipint
1195 1260 1263 1315 dex·

271 1347 353 1396 trem.
394 1339 466 1394 Nam
492 1339 575 1392 nimis
596 1339 733 1393 incertum
757 1345 813 1413 est,
831 1340 913 1410 ,quod
944 1357 959 1395 e
984 1343 1084 1397 Plauto
1111 1342 1261 1399 cledonius

270 1445 300 1496 p.
314 1423 393 1479 1916.
412 1430 440 1476 et
455 1421 582 1475 Terentii
596 1423 706 1477 nomine
721 1423 854 1477 Aleuinus
871 1442 898 1495 p.
912 1424 990 1480 2118.
1013 1427 1110 1483 affertt
1126 1418 1191 1483 ean
1205 1449 1260 1498 pa·

270 1512 310 1566 tri
323 1527 388 1562 meo.
424 1507 531 1560 Tamen
545 1524 642 1560 reram
659 1514 726 1577 puto
742 1510 815 1562 hane
836 1509 1009 1580 ingeniosam
1031 1514 1257 1582 emendationem,

270 1593 430 1662 intelligens
444 1591 633 1645 evocationem
650 1592 685 1645 ad
711 1593 820 1647 dexans
841 1595 1003 1666 iungendos.
1036 1598 1148 1653 Raetias
1172 1619 1260 1671 nuper

271 1678 313 1734 ito
328 1677 428 1742 vertit,
447 1675 527 1745 quusi
539 1695 632 1731 sensus
648 1683 734 1732 essets
753 1684 828 1733 uerte
845 1679 898 1735 ille
912 1681 984 1734 mihi
1000 1679 1075 1734 dedit
1089 1681 1223 1737 dextram.

287 1793 320 1854 9.
350 1785 443 1852 Cedo
470 1797 525 1851 aut
550 1787 589 1853 ab
618 1789 712 1853 initio
737 1789 1021 1877 interrogationis,
1054 1800 1110 1854 aut
1136 1790 1172 1856 in
1191 1792 1260 1860 fine

230 1873 305 1956 oni,
324 1894 396 1938 non
412 1871 447 1938 in
463 1871 572 1938 media
592 1874 768 1957 sententia,
792 1875 826 1939 id
844 1875 928 1943 bene
945 1877 1128 1942 observavit
1142 1881 1259 1967 Wop-

200 1892 337 2031 [ansius
352 1960 386 2023 in
403 1958 492 2024 Leet.
510 1956 600 2024 Tull.
619 1982 654 2049 p.
674 1964 746 2025 177.
764 1959 867 2048 (127).
908 1963 1166 2028 Temere-enim
1187 1965 1257 2031 Da·
1287 2030 1289 2043 ,

201 2048 302 2114 visius
318 2043 516 2112 sollieitabat
530 2045 642 2110 locum
656 2045 906 2180 inteperrimum
929 2044 998 2112 cie.
1023 2047 1063 2111 de
1080 2048 1156 2112 Nat.
1174 2049 1206 2114 d.
1227 2057 1256 2128 1,

84 2210 87 2215 Ι
157 2202 160 2206 ,
200 2134 334 2214 aaut.
358 2128 420 2195 secl
435 2128 494 2205 nbi
517 2144 567 2196 est
583 2133 725 2197 veritus.
773 2131 818 2196 In
833 2131 982 2216 mundis,
1008 2125 1129 2210 creda,
1153 2134 1258 2199 inmt-

200 2215 421 2286 meabilibus
450 2216 536 2285 eta?
569 2220 737 2307 corrigens
761 2216 854 2284 cedo.
907 2217 1024 2307 Neque
1052 2217 1088 2282 in
1119 2219 1258 2307 Sulpicii

199 2305 305 2392 Epist.
331 2303 370 2369 ad
397 2302 463 2367 Cio.
488 2305 529 2386 4,
549 2304 588 2384 5,
604 2303 635 2367 4.
659 2327 707 2368 on
729 2302 823 2368 illine
843 2303 967 2383 uicem,
991 2301 1114 2384 creda,
1137 2304 1259 2372 doles?

201 2410 280 2455 eum
300 2388 431 2456 Davisio
455 2388 703 2467 emendabimus
723 2387 819 2455 cede.
862 2388 938 2457 Vid.
955 2390 1058 2457 Tem.
1075 2394 1107 2456 1.
1126 2412 1165 2478 p.
1179 2392 1256 2458 stt.

201 2487 237 2547 et
252 2475 295 2542 ad
308 2473 502 2562 Wopkens.
523 2498 560 2564 p.
578 2479 651 2542 178.
1012 2498 1018 2511 ·
1072 2478 1075 2483 ’

200 2622 205 2629 ·
287 2599 340 2661 10.
377 2593 554 2660 Cedoclnm
582 2606 620 2661 ut
659 2620 680 2662 a
710 2594 812 2662 edum
848 2590 966 2661 dieitur
997 2594 1086 2684 apud
1116 2573 1254 2662 Terent.

201 2681 340 2749 Phorm.
363 2687 404 2761 2,
427 2687 467 2764 2,
494 2683 546 2748 15.
585 2681 667 2747 cedo
693 2704 768 2764 um,
798 2702 842 2749 en
865 2702 1026 2769 umquam
1046 2679 1256 2749 iniuriarum

199 2767 334 2836 nudati
349 2766 435 2832 milei
449 2768 616 2854 scriptam
635 2765 776 2843 dicam?
815 2766 892 2832 Vid.
914 2785 1003 2835 ΝΜ.
1036 2784 1039 2789 “

286 2892 338 2953 11.
362 2886 518 2954 Ceterum
533 2886 699 2955 rarissime
722 2870 947 2972 adiunguntur
968 2880 1254 3038 aliaelpartieulae.

139 2934 142 2940 Ι
199 2972 376 3039 Terentius
401 2973 484 3038 dixit
500 2977 602 3040 Andr.
618 2980 658 3056 2,
675 2980 716 3054 3,
731 2980 764 3048 9.
787 2971 870 3038 aedo
893 2968 1014 3060 igitur.
1085 2984 1099 3037 t
1119 2975 1256 3040 Phorm.

198 3058 298 3137 Νι,
320 3062 372 3125 11.
399 3060 481 3124 aedo
501 3079 718 3147 manopera-o
738 3094 781 3110 -
804 3055 887 3145 quid
903 3055 983 3145 fiet.
1035 3059 1128 3140 Quae
1175 3062 1255 3125 arti-

199 3141 272 3207 eulo
289 3143 387 3208 etiam
403 3143 438 3207 in
451 3145 568 3210 Heaut.
594 3152 633 3226 2,
650 3151 687 3226 3,
701 3146 761 3209 92.
784 3142 949 3229 pulchre.-
981 3142 1064 3209 cedo
1088 3085 1172 3230 quid
1183 3143 1254 3232 fa-

199 3227 268 3379 pipp
291 3250 366 3379 sipla.
388 3232 572 3319 exspectari
593 3238 742 3320 poterat:
767 3237 880 3296 tamen
904 3250 963 3296 sua
981 3229 1015 3297 ti
1039 3229 1188 3296 consinit
1210 3232 1255 3298 il-

215 3334 236 3379 u
275 3336 312 3380 ee
337 3337 371 3380 0.
914 3339 918 3347 ·

282 3436 303 3479 *
325 3429 585 3521 Confunduntur
604 3433 639 3501 in
661 3430 793 3524 seriptis
813 3428 906 3501 libris
928 3426 1012 3501 cedo
1037 3429 1169 3522 stede.
1199 3434 1254 3501 vd.

198 3511 327 3610 apuleii
337 3513 483 3610 Apolog.
503 3545 539 3609 p.
550 3519 630 3597 503.
647 3516 867 3610 Oudendorp.
882 3524 914 3587 st
928 3524 1057 3610 saepius
1074 3520 1187 3588 eredo.

452 3698 689 3799 cnara,
752 3676 989 3798 oraro.

279 3885 372 3959 Duae
395 3891 474 3955 sunt
496 3875 660 3977 rationes,
691 3888 811 3977 quibus
831 3915 905 3960 rem
927 3908 1038 3963 teram
1063 3909 1101 3955 ae
1126 3901 1252 3957 aenam
1278 3867 1288 3880 ⁸

196 3970 427 4068 rignifieamus.
490 3975 577 4041 Nam
606 3986 666 4041 aut
692 3978 920 4069 eondidopgm
952 3979 1158 4064 designamus
1190 3977 1252 4069 rei,

198 4085 293 4165 ques,
311 4064 349 4133 in
372 4071 465 4135 serto
484 4058 736 4164 rusatursaiil
759 4058 988 4135 constituimus
1009 4061 1170 4171 iudieium
1191 4067 1251 4128 seu
