2618 4770
116 1496 132 1507 Ἰ·

156 245 200 309 52
265 168 269 173 ‘
498 228 640 303 entur.
683 229 868 299 ctucvrt

155 390 408 485 grammaticos
424 386 474 452 sie
489 385 611 453 dooere
625 407 669 452 uo
685 380 796 474 honi,
818 386 865 454 ut'
877 400 1019 478 propter
1035 387 1216 479 quaedam

158 501 274 548 uocum
289 475 495 542 discrimina
516 471 652 539 verbnm
675 471 816 539 interim
837 486 937 541 uouto
958 499 1040 541 anuo
1058 472 1216 563 finiunt,

156 579 195 633 ut
210 567 248 630 iu
263 563 356 628 illis.-
378 582 464 649 quae
478 558 607 624 nircum
620 558 746 637 litore,
768 558 896 625 circum
905 563 1062 649 piscosos
1083 584 1216 648 scopu-

156 653 226 732 loo,
247 671 291 714 ne
304 647 337 712 si
355 667 501 734 grauem
517 645 699 731 posuerint
725 644 931 730 sonituum,
961 649 1108 714 circus
1139 647 1216 715 diei

156 736 333 815 uideatur,
353 754 422 797 nou
446 731 619 797 circuitus.
639 764 683 781 -
710 730 800 795 Mitti
821 731 956 797 videtur
978 733 1216 799 conditionem

155 834 301 896 mutare,
321 816 411 906 quod
427 817 481 881 tis
500 816 584 900 loeis
600 814 702 882 nerlu
718 815 968 906 coniungimur.
998 817 1216 908 Numquam

156 908 234 974 diro
258 906 427 970 circum
447 902 608 984 lituro,
630 911 809 989 tamquam
824 924 930 969 unum
947 906 1106 978 enuntio,
1132 904 1216 969 dis-

155 991 323 1059 simulato
353 988 591 1053 distinctione.-
622 986 738 1075 unque
762 999 943 1077 tamquam
965 991 1004 1055 in
1030 1014 1102 1055 unu
1132 1013 1216 1056 uooe

157 1101 230 1144 una
244 1088 295 1142 est
310 1084 425 1155 uoutu.
446 1108 490 1123 -
511 1072 687 1159 Superato
703 1094 782 1139 uero
798 1074 885 1141 loeo
899 1100 924 1141 a
932 1088 1123 1164 praecepto
1140 1098 1215 1141 non

155 1162 335 1231 recedent.-
353 1169 416 1226 unt
429 1159 462 1223 si
476 1157 684 1223 correueturlo
700 1158 838 1241 uicerit,
861 1171 952 1226 uetus
971 1164 1025 1227 lox
1041 1162 1215 1227 sermonis

145 1246 355 1327 ·-alolel›itnr.
397 1243 504 1331 Negat
520 1243 782 1327 Quinctilianns,
800 1256 837 1309 ut
851 1246 937 1312 bone
952 1247 1035 1313 vidit
1052 1249 1215 1336 Spaldin-

153 1336 250 1431 gius,
282 1332 355 1397 acui
380 1330 535 1397 ultimam
556 1331 592 1394 in
617 1329 763 1410 circum,
782 1353 892 1418 nequo
916 1334 1014 1399 etiam
1040 1335 1110 1398 vult
1137 1331 1215 1397 noui

178 1412 393 1497 enultimam‚
415 1414 473 1481 sod
487 1416 774 1503 praepositionem
785 1426 959 1503 tamquam
973 1430 1099 1506 partem
1123 1419 1215 1482 sub-

136 1550 139 1557 -
183 1504 286 1577 nntivi
309 1512 445 1569 accentu
474 1501 616 1592 proprio
648 1523 771 1567 oarere.
829 1503 936 1651 Argue
960 1505 1006 1568 ita
1028 1505 1215 1592 prudenter

153 1591 282 1657 obstitit
303 1590 517 1677 importunae
531 1585 703 1653 subtilitati
726 1607 870 1672 quorum
896 1611 949 1651 am
973 1591 1215 1673 grammatico-

154 1700 243 1753 rum.
287 1675 366 1741 vid.
383 1672 530 1763 Seyferti
549 1673 701 1738 Gramm.
720 1670 797 1737 Vol.
816 1677 845 1737 1.
868 1696 903 1760 p.
923 1677 994 1737 178.

236 1816 262 1881 l.
306 1821 335 1879 1.
360 1813 497 1878 Circum
513 1810 652 1900 proprie
667 1809 789 1876 dieitur
810 1812 850 1878 de
872 1824 985 1896 motu,
1006 1834 1074 1901 qno
1099 1812 1215 1878 ambi-

151 1913 209 1969 tur
225 1913 258 1967 et
272 1899 416 1985 cingitur
431 1896 575 1982 aliquid,
595 1907 629 1960 et
649 1894 691 1960 de
706 1898 765 1978 iis,
788 1920 871 1985 quae
888 1911 922 1965 et
936 1911 1082 1986 utroque
1105 1899 1214 1967 latere

152 1999 185 2056 et
201 1998 276 2053 unte
294 1995 326 2049 et
342 2007 359 2049 a
376 1993 468 2068 tergo
483 1991 572 2045 sunt.
614 1981 700 2047 Hinc
719 1982 932 2072 componitu'r
948 1996 980 2049 et
997 2008 1074 2050 oum
1089 1987 1214 2064 verbis,

72 2075 74 2081 '
153 2093 235 2161 quun
250 2080 384 2139 motum
396 2066 554 2142 indicant,
573 2075 605 2131 et
622 2069 767 2148 nunriis,
784 2093 868 2160 qnae
889 2071 1035 2159 quietem
1053 2094 1090 2135 so
1106 2072 1214 2135 situm

151 2166 280 2225 notant.
335 2152 491 2250 Vtrisque
513 2174 693 2219 commune
725 2165 793 2237 est,
825 2165 863 2221 ut
885 2158 1022 2247 aliquod
1054 2175 1214 2223 nentrum

115 2292 119 2299 .
150 2252 298 2403 ponatur
309 2238 351 2303 in-
361 2237 484 2302 medio.
528 2241 575 2303 Ae
591 2240 742 2327 primum
756 2264 793 2307 en
808 2242 1058 2332 distinguimus,
1081 2243 1116 2306 in
1133 2242 1214 2328 qui-

146 2394 150 2399 ,
176 2336 319 2393 astatus
342 2324 393 2389 rei
409 2324 551 2393 ambitus
576 2336 609 2389 et
632 2327 784 2393 oirouitus
808 2350 946 2397 omnem
967 2339 1097 2418 partem
1114 2350 1214 2394 oom-

151 2412 299 2504 plootens
316 2406 528 2498 intelligitur:
554 2411 733 2498 ringsum,
753 2414 883 2480 lterum.
925 2415 974 2480 Ea
989 2437 1051 2504 per
1066 2415 1208 2491 circum,

151 2520 223 2565 non
241 2518 304 2585 per
329 2494 424 2561 circu
452 2493 673 2583 significatur,
697 2499 760 2563 nisi
785 2501 874 2585 quod
896 2512 1015 2590 poetae
1039 2499 1211 2565 interdum

152 2585 194 2649 ab
217 2580 351 2651 auribus
370 2580 503 2669 petiisse
528 2582 710 2647 creduntur
729 2584 910 2671 iudicium,
932 2611 975 2652 ne
999 2585 1210 2655 oll'enderen-

149 2681 206 2733 tur
234 2669 367 2756 ingrsto
391 2688 497 2733 sonos
530 2666 621 2753 quod
644 2681 895 2756 argumentum,
918 2673 946 2738 si
970 2694 1086 2738 verum
1110 2681 1205 2753 esset,

149 2752 192 2820 ad
214 2753 434 2819 recentiorem
457 2772 555 2817 usum
579 2753 771 2840 pertineret.
823 2760 979 2825 Ceterum
1001 2781 1072 2821 non
1094 2758 1208 2823 solum

150 2839 304 2907 derebus
318 2847 509 2926 usurpatur,
524 2838 742 2924 queooiroulo
759 2840 961 2920 ambiuntur,
977 2844 1036 2908 sed
1051 2844 1149 2908 etiam
1165 2844 1206 2909 de

173 2925 336 3005 uadratis,
360 2923 466 2989 modo
489 2945 608 2991 omnes
630 2936 762 3014 portes,
789 2950 872 3015 quae
895 2930 1040 3020 spatium
1064 2928 1205 2997 circnm-

149 2950 249 3096 iant,
267 3010 503 3099 intelligantur.

253 3131 322 3184 (luto
337 3122 372 3181 de
379 3131 422 3182 Re
432 3145 455 3182 r.
462 3128 507 3196 21,
522 3127 549 3183 4.
567 3129 688 3183 armillae
704 3137 817 3199 mutuor
826 3134 924 3202 sonito,
938 3153 1004 3206 quas
1014 3136 1110 3190 cirrum
1118 3138 1206 3191 ortem

215 3213 303 3269 tatus.
322 3212 381 3266 Cic.
394 3212 478 3266 teau.
493 3213 526 3279 2,
541 3212 585 3280 39,
600 3213 662 3267 123.
676 3213 714 3284 ndo
730 3220 822 3270 torre:
839 3236 907 3287 quae
924 3239 1002 3290 quum
1019 3224 1116 3275 cirrum
1131 3238 1206 3275 aaran

212 3314 357 3353 noeumane
372 3296 506 3349 oelerltato
520 3304 718 3354 sonuertntote.
745 3300 931 3360 Suetou.Nor.
946 3304 989 3359 tl.
1007 3307 1094 3374 ligato
1108 3307 1206 3359 cirrum

215 3383 311 3453 rollum
318 3378 436 3433 sudario.
444 3378 533 3435 Varro
540 3381 626 3436 (lello
633 3388 701 3438 ruet
710 3382 822 3452 t,14,1.
834 3389 947 3441 idoneus
958 3391 1005 3443 sub
1014 3392 1206 3445 ntorumeadua

217 3468 289 3520 lucau
303 3464 449 3531 molenriir,
460 3480 535 3535 quent
549 3467 645 3521 ursum
659 3474 743 3523 totum
757 3489 828 3541 uque
843 3474 961 3527 claudor.
997 3475 1089 3528 Tacit.
1098 3477 1167 3530 Anu.
1176 3474 1203 3543 4,

213 3548 257 3605 Ἀ.
268 3550 423 3619 fiunt-luto,
449 3551 514 3619 quin
529 3552 615 3606 nostin
634 3552 732 3607 drotum
758 3557 872 3610 sonitus
895 3560 1077 3613 claudebatur.
1112 3563 1203 3615 Plrut

213 3635 247 3700 l,
262 3634 297 3700 4,
314 3633 357 3687 83.
376 3634 484 3687 tatertm
504 3636 541 3689 du
562 3638 596 3689 ul
618 3639 733 3710 Delphin
753 3642 805 3695 tito
825 3642 984 3696 cantitamus
1001 3646 1106 3699 cirrum.
1141 3645 1203 3701 vtr-

213 3719 264 3790 g'rl.
282 3718 382 3782 Ge.·l,
399 3715 461 3771 nto.
478 3725 569 3788 terque
584 3737 670 3777 uooar
683 3724 780 3777 ducum
791 3726 862 3791 felte
876 3733 922 3780 rot
937 3729 1025 3782 touta
1031 3734 1141 3802 fruges.

251 3822 331 3875 cnon
343 3821 377 3875 B.
392 3818 445 3875 eir.
461 3821 495 3888 2,
511 3822 554 3890 10.
572 3824 619 3875 uti
632 3841 664 3877 ea
676 3843 708 3878 ea
723 3826 809 3892 turri,
826 3844 893 3897 quiue
907 3831 1003 3882 atreum
1018 3842 1104 3887 assent
1120 3852 1201 3906 opera

213 3906 285 3960 tueri
304 3922 333 3957 ee
351 3923 429 3974 posse
451 3908 545 3974 eoafisl
568 3917 645 3974 ruat,
672 3911 817 3964 musculum
840 3942 876 3952 -
899 3917 994 3981 sarcre
1020 3918 1199 3973 instituerunt.

214 3989 663 4061 t‘irgit.tsn.1u,118.tnterea
682 3994 782 4048 Rutuli
791 3999 878 4066 portin
894 3999 991 4052 olerum
1012 4004 1134 4056 omnious
1155 4005 1199 4056 tu-

214 4081 296 4133 nant.
314 4074 363 4132 ubi
376 4074 507 4135 Serviunt
531 4075 562 4134 tu
577 4083 617 4135 ort
635 4079 894 4152 oirruuoirrufurtr
919 4098 983 4141 aaut
1003 4089 1081 4144 nodo
1099 4089 1195 4145 rtrouu
