2618 4770
500 253 654 320 ETIAM.
1046 260 1110 328 ⁵75

28 428 32 435 ’
124 418 206 472 etiem
226 422 258 470 tu
279 411 328 467 aas
352 411 516 480 respondes?
549 410 618 463 vtae
644 410 764 464 Bentlei.
789 416 818 465 et
843 411 990 468 Ruhnken.
1021 415 1113 474 Pleni.
1171 447 1174 453 ·

125 503 230 557 Bacch.
247 499 281 565 5,
298 498 332 563 2,
351 496 393 549 te.
421 498 503 550 etiam
519 504 564 562 tu,
590 496 668 550 aomo
687 497 782 564 nihili,
800 499 869 566 gued
889 500 929 551 dii
950 503 1018 555 deut
1041 505 1112 571 beai,

123 605 187 640 caue
200 587 280 655 eulpa
293 592 343 638 tua
359 583 471 635 amum.
796 590 802 595 “
890 580 906 593 ”

163 671 277 722 Terent.
291 670 363 721 Hec.
380 665 407 732 5,
423 665 492 732 4,1.
511 664 586 729 eicie,
605 663 644 716 mi
659 662 807 728 Parmeno,
822 665 905 720 etiam
925 671 1015 736 sedes,
1031 681 1062 726 at
1074 676 1113 728 mi

125 756 193 809 isaeo
203 763 275 807 certa
291 761 316 807 et
331 754 407 806 clare
423 750 554 805 austeris.
571 748 619 802 ubi
634 766 689 800 nen
701 749 772 800 bene
788 751 1112 818 explicetRuhnkeniuss

125 840 224 904 valde,
245 854 431 908 magnopere,
451 835 535 890 etiam
553 839 635 902 etque
655 832 750 888 etiem.

144 955 176 1015 8.
209 949 344 1015 Accedit
368 946 441 1013 indi·
463 946 564 1011 natio.
613 944 700 1009 Nam
725 945 782 1030 qui
806 946 947 1012 miratur
978 950 1113 1038 aliquid,

57 1034 152 1125 quod
177 971 578 1120 alienummrii'e'piirm
602 1041 657 1094 aut
680 1031 821 1095 nimium
847 1033 1011 1117 videatur,
1043 1037 1116 1105 fieri

55 1145 175 1212 posse,
205 1121 353 1209 ⁸ideoque
376 1119 592 1205 indignatur,
622 1117 649 1179 is
672 1117 853 1204 interrogat
877 1119 984 1185 addita
1009 1127 1116 1209 pacti-

41 1208 133 1281 ⁸cula
157 1207 284 1282 etiam,
310 1229 375 1294 qua
400 1207 645 1293 inexspectatac
666 1202 715 1266 rei
740 1207 883 1268 accessio
906 1207 1116 1294 exprimitur.

57 1294 219 1362 Germani
242 1294 357 1358 dicunt
382 1293 487 1373 necle,
517 1290 569 1354 vel
595 1289 684 1352 airola
706 1291 814 1365 necle,
844 1291 896 1354 vei
917 1291 1015 1358 deols.
1059 1296 1114 1362 Sic

55 1379 135 1448 irati
158 1381 269 1444 dicunt
288 1391 326 1444 at
350 1379 467 1443 etiam.
510 1374 594 1441 Vide
611 1374 714 1438 Tem.
735 1381 764 1440 1.
788 1399 824 1476 p.
841 1375 916 1442 44&
959 1377 1011 1444 Cf.
1027 1380 1114 1446 Bur·

56 1487 172 1532 mann.
199 1465 239 1529 ad
264 1467 396 1529 Petron.
421 1469 475 1530 20.
520 1460 645 1526 Similis
663 1471 712 1524 est
735 1473 821 1528 ratio
843 1461 1028 1548 formulae,
1049 1490 1114 1556 qua

59 1553 176 1618 Cicero
192 1571 291 1639 saepe
307 1553 429 1632 utitur,
451 1548 481 1614 is
498 1546 585 1613 mihi
599 1546 719 1612 etiam.

161 1673 252 1726 Pleut.
275 1670 418 1739 Amph.2,
440 1670 466 1736 1,
483 1669 526 1724 21.
551 1685 683 1740 regesne,
702 1666 835 1738 improbe,
853 1669 951 1741 etiam,
972 1675 1018 1741 qut
1038 1676 1116 1729 luda.
1178 1722 1181 1727 ,

123 1758 199 1824 sacis
214 1775 263 1811 me.
282 1757 301 1810 i.
318 1774 342 1810 e.
358 1759 456 1827 sragst
472 1755 508 1808 du
524 1755 594 1829 aucit
610 1752 700 1806 aecii
734 1754 817 1806 Most.
831 1754 858 1819 2,
873 1755 901 1821 1,
915 1756 975 1810 129.
996 1766 1058 1812 tuus
1069 1779 1115 1815 ee-

129 1843 172 1895 ait
198 1842 301 1913 peter?
343 1843 407 1894 iube
428 1842 503 1894 abire
528 1857 642 1892 rursum.
686 1837 756 1904 Quia
780 1839 824 1890 ilii
841 1841 939 1894 reditio
960 1844 1042 1897 etiam
1064 1847 1116 1900 irae

122 1928 206 1994 suit?
225 1920 551 1981 assumseram
571 1925 678 1976 hierirer
699 1925 976 1978 auricirzuiremmeu?
1009 1927 1115 1984 Pareae
1146 1915 1150 1924 ¹
1190 1951 1194 1959 ·

19 2057 21 2061 .
127 2012 275 2082 explicuit:
303 2013 351 2064 hec
371 2017 496 2078 tempere.
531 2007 630 2075 Amph.
652 2007 720 2072 1,1,
738 2007 798 2060 220.
818 2009 899 2061 etiam
920 2012 1037 2080 clamas,
1054 2033 1115 2070 car-

125 2099 232 2164 aufer?
250 2114 277 2149 v.
292 2094 352 2150 225.
381 2095 463 2146 Most.
473 2092 499 2157 2,
507 2092 533 2156 2,
543 2091 586 2143 89.
605 2091 661 2144 vid.
680 2109 706 2158 p.
715 2089 776 2153 571.
801 2090 1115 2164 ’1“οπππ1“.Εππ.5,0,16,’

42 2199 45 2208 ·
129 2184 210 2235 etiam
231 2180 324 2234 rides?
342 2180 401 2231 itan
418 2177 534 2245 lepidum
548 2176 600 2228 tibi
616 2175 701 2227 uisum
723 2183 782 2240 est,
795 2172 892 2241 scelus,
909 2194 958 2231 uos
981 2182 1116 2240 irridere?

128 2267 240 2320 Peteon.
256 2263 299 2317 95.
319 2265 451 2317 exclamat
465 2262 627 2328 Eumolpus,
645 2261 725 2312 etiam
738 2260 873 2312 mireris?
889 2262 1054 2333 simuipeees
1067 2270 1117 2322 ise-
1190 2284 1197 2293 ’
1289 2281 1296 2288 ’

128 2353 209 2405 miais
228 2351 324 2418 palma
340 2347 522 2403 excussissima
533 2347 633 2416 pulsat.
659 2342 718 2396 131.
739 2337 879 2412 recisiore,
907 2347 1009 2416 iuquit,
1034 2355 1124 2407 etiem

129 2434 266 2505 tepueris?
282 2434 326 2488 22.
344 2435 419 2488 itane
441 2432 499 2486 est?
527 2431 614 2500 iuquit
635 2429 787 2496 Quartilla,
806 2431 887 2483 etiem
909 2431 1025 2488 dormire
1044 2439 1118 2492 uobis

130 2524 160 2574 ia
175 2528 261 2574 mente
277 2525 331 2584 ert,
351 2537 430 2588 quum
443 2517 534 2571 sciatis
547 2516 643 2586 Priapi
654 2515 735 2585 genie
747 2508 921 2586 pervigilium
937 2519 1028 2572 deberi
1033 2519 1049 2573 2

115 2642 121 2649 ·
167 2622 226 2677 Cic.
243 2617 544 2688 invitantium.
562 2619 760 2672 ismiirietiam
777 2619 1028 2689 queritur‚quecla
1042 2625 1118 2689 coiis
1192 2645 1194 2650 ·
1292 2651 1295 2658 ·

130 2726 223 2763 nouem
243 2709 307 2762 selis
323 2700 414 2786 diebus
427 2708 520 2776 prima
542 2705 611 2758 actio
632 2705 675 2756 sui
694 2704 788 2757 iudicii
804 2709 943 2758 transacta
965 2707 1018 2772 sit,
1035 2725 1117 2776 qaum

130 2797 204 2866 apud
227 2797 313 2865 ipsum
328 2794 414 2847 tribus
429 2792 500 2844 heris
523 2791 557 2858 Q.
578 2789 697 2857 Opimius
716 2816 750 2830 -
770 2791 858 2854 boue,
869 2792 1013 2857 fortunas,
1035 2810 1119 2847 omae

130 2889 222 2935 menta
237 2880 328 2932 emnia
341 2879 484 2932 emiserit?
507 2875 533 2940 2,
549 2874 592 2939 42,
609 2871 669 2926 1⁰5.
687 2875 710 2926 is
724 2875 791 2926 mihi
807 2860 887 2926 etiam
909 2875 1049 2927 Sthenium
1070 2878 1117 2930 lit·

131 2976 204 3022 teres
225 2966 349 3036 publicas
370 2963 518 3031 corrupisse
537 2989 572 3000 —
589 2960 735 3024 iudicavit,
762 2961 807 3028 qui
829 2956 970 3024 defendere
993 2978 1047 3012 aea
1065 2980 1117 3031 po-
1149 2954 1152 2961 ’

95 3052 104 3089 4
130 3052 227 3113 tuerit,
245 3067 339 3102 seusu
356 3048 488 3116 suipsius
505 3045 609 3097 Stheaii
631 3045 736 3095 eemiue
756 3045 861 3096 litteras
875 3043 997 3112 publicas
1026 3064 1121 3100 eorm-

127 3134 221 3206 pisse?
237 3133 265 3184 in
280 3133 337 3186 Pis.
352 3133 378 3197 l,
392 3132 418 3184 2.
436 3132 459 3184 is
473 3131 540 3183 mihi
552 3116 635 3182 ⁸etiam
648 3128 813 3198 gloriabitur
826 3144 854 3181 se
869 3145 957 3210 omues
969 3132 1118 3201 magistre-

130 3230 175 3275 tus
193 3219 250 3272 siae
266 3219 374 3287 repulsa
390 3213 577 3284 assequutum?
907 3218 919 3234 ⁶

51 3332 60 3341 ”
148 3332 181 3393 4.
203 3327 340 3393 Aliaest
364 3322 634 3411 interrogationis
659 3320 790 3402 forma,
816 3343 879 3408 qua
904 3323 1027 3410 aliquid
1050 3319 1119 3391 εἰπὲ
1172 3382 1173 3387 ,
1259 3358 1282 3383 -.

63 3418 126 3481 tim
144 3415 218 3478 fieri
241 3409 527 3494 itevehementius
550 3408 721 3486 iubemus,
744 3418 780 3471 ut
800 3430 874 3472 cum
891 3409 1118 3497 indignatione

65 3519 282 3587 quaeramus,
304 3517 387 3560 num
402 3521 455 3562 res
473 3495 621 3562 nendum
640 3495 726 3560 facta
743 3495 796 3558 sit.

169 3601 261 3653 Pleni.
277 3599 355 3652 Pers.
370 3595 397 3661 2,
415 3598 441 3664 4,
457 3597 485 3651 4.
502 3598 641 3663 scelerate,
660 3590 740 3648 etiam
754 3595 883 3665 respicis?
898 3597 1054 3665 quedidem
1064 3619 1119 3654 -ne-
1213 3589 1216 3595 ¹

115 3703 118 3707 ’
136 3683 254 3738 terimus
271 3683 300 3734 in
321 3681 415 3734 verbis
436 3683 515 3735 etiam
527 3685 633 3752 respice.
668 3683 749 3734 Most.
764 3681 791 3745 2,
807 3682 834 3745 1,
849 3679 892 3751 05.
913 3700 961 3736 aa.
982 3685 1052 3737 Ecce
1069 3704 1119 3738 au-

134 3772 184 3823 lem
207 3771 250 3822 iric
266 3767 395 3837 deposivit
415 3773 496 3834 eaput
518 3773 544 3821 et
563 3767 669 3820 dormit.
705 3766 819 3819 Suscita.
854 3783 900 3819 en.
934 3769 1027 3820 Etiam
1046 3771 1119 3840 eigi-

133 3855 197 3909 lasi
231 3856 328 3917 Pater,
343 3853 469 3921 iuquam,
482 3852 572 3906 aderit
585 3854 640 3904 iam
656 3853 792 3903 hiemem.
833 3851 946 3903 Terent.
960 3852 1074 3906 Pherm.
1091 3853 1118 3919 ὅ,

133 3939 160 4005 ὃ,
180 3939 206 3992 9.
226 3941 307 3994 etiam
324 3945 354 3990 tu
369 3938 432 3990 isiae
449 3935 530 3988 aiis?
553 3937 623 4004 qued
643 3937 714 3988 Eun.
730 3933 763 4000 4,
777 3933 812 3999 1,
825 3934 868 3987 29.
887 3935 1003 3987 dicitur:
1022 3954 1076 3989 eeu
1090 3945 1120 3990 tu
1179 3926 1181 3931 ¹

123 4020 195 4079 ¹iriae
210 4023 292 4078 abis?
326 4022 378 4076 Ad.
397 4019 431 4085 4,
446 4020 478 4085 2,
498 4018 541 4072 11.
559 4022 640 4074 etiam
655 4018 746 4073 taces?
780 4019 1008 4083 flaucatum,
1024 4020 1058 4086 2,
1074 4020 1117 4077 28.
1221 4012 1223 4017 ,

79 4144 83 4162 .
135 4110 352 4176 item‘Traaie,
368 4107 453 4162 mam
468 4103 585 4185 sperni·
611 4093 659 4159 ru.
694 4105 770 4172 Quas
789 4104 855 4158 isaeo
871 4109 911 4158 est
919 4105 1037 4172 fabule!
1070 4123 1117 4160 en.
