2618 4770
209 294 274 361 358
674 271 804 369 Eflbv.

282 443 345 501 lbi.
362 445 443 506 cusu,
462 456 509 495 cor
522 453 575 509 ogo
597 437 659 506 plus
679 429 898 502 minuspotest,
914 427 957 483 uu
975 441 1057 498 μω
1073 440 1192 497 αμα
1202 423 1257 493 aab

285 530 337 585 ubi
354 534 447 583 tamon
462 523 511 577 ulii
525 520 602 575 codd.
619 521 680 573 beu.

322 618 365 671 De
389 606 551 679 integritate
564 603 718 673 scripturae
732 600 854 659 dubitari
873 598 940 657 ucat
954 597 984 651 in
995 596 1089 655 Pluut.
1106 595 1186 651 Trin.
1199 594 1256 663 ῌ.

288 701 350 757 1⁰2,
374 699 455 759 eaeo,
478 691 524 743 obi
539 706 601 743 urus
622 689 691 741 nibil
712 694 772 740 erat
794 687 907 748 dicturo,
933 683 1064 751 spondeo,
1090 683 1201 739 dicebat.
1228 685 1257 739 u

293 784 360 838 odit
375 778 461 849 princ.
484 776 545 827 beu.
578 772 611 825 ln
626 773 680 825 buc
697 770 808 840 quidem
824 766 958 823 sententie
972 766 1018 821 vix
1033 766 1171 827 obtinebit
1182 770 1256 823 locu

78 928 82 937 ,
195 900 204 913 .
290 870 365 923 eheu.
398 861 512 915 Fabam
529 863 572 912 est
593 857 684 922 enim,
703 856 774 925 quod
793 852 967 909 Passeratius
987 852 1023 907 ud
1039 852 1169 923 Proper-t.
1186 852 1256 919 ζῇ,

290 950 334 1005 bd.
362 944 483 1001 tradidit.
515 943 576 996 l'id.
595 959 659 995 nur.
694 938 910 994 Admirationem
929 954 1017 1007 acque
1045 936 1076 991 in
1100 939 1198 995 Horat.
1211 938 1276 993 Μ,-

292 1034 327 1100 2,
345 1026 654 1099 a,luu.nequein1,
675 1023 910 1095 d‚bb.ncqucin
928 1020 1257 1095 Pero.b,131.int.uffi

295 1118 371 1173 bend
389 1115 502 1171 dubium
515 1120 564 1169 cst.
1157 1138 1160 1143 ,

311 1228 344 1288 2.
370 1222 430 1287 Sae
457 1218 571 1285 calceo
586 1215 724 1305 ponitur
737 1222 892 1302 sequente
910 1234 1022 1301 quom.
1067 1212 1202 1295 Qui·ita
1219 1212 1258 1279 lo-

231 1307 343 1399 quitur
352 1357 362 1389 ‚
387 1242 477 1373 dolii
492 1327 564 1369 rem
578 1314 647 1366 tam
662 1323 838 1388 magnam,
864 1309 970 1365 tamve
985 1299 1094 1370 diram
1110 1322 1188 1367 osse.

332 1412 433 1464 Horat.
453 1407 512 1461 Sat.
526 1406 559 1473 1,
572 1404 605 1471 3,
620 1402 665 1457 uu.
694 1405 775 1467 obeo,
798 1420 877 1471 quom
899 1408 994 1455 temero
1020 1400 1052 1455 io
1070 1402 1260 1473 imaum

299 1496 432 1549 sancimus
460 1492 594 1559 inicorum!
632 1488 732 1556 virgil.
755 1488 816 1540 Ecl.
830 1485 864 1550 8,
883 1485 942 1538 lou.
963 1486 1044 1551 elren,
1078 1504 1159 1555 quotu
1180 1486 1262 1557 pingi

300 1583 442 1633 mucescit
456 1574 523 1629 mibi
536 1582 630 1626 tauros
643 1573 674 1624 io
689 1572 768 1623 eruo!
801 1571 888 1622 Poeta
901 1568 973 1638 opud
990 1567 1048 1623 cic.
1070 1568 1107 1621 do
1126 1568 1181 1624 Off.
1195 1571 1219 1637 1,
1228 1570 1263 1639 ὃ,

300 1662 360 1718 ltu.
379 1662 500 1715 odorem
516 1657 643 1725 uotique!
660 1656 726 1709 eben
740 1672 820 1725 ᾳιιαηι
835 1654 939 1723 dispari
953 1652 1093 1709 dominura
1104 1654 1223 1711 amima

314 1770 347 1829 8.
377 1757 538 1827 Particula
562 1756 644 1821 haec
665 1778 734 1821 non
757 1756 858 1821 modo
889 1756 928 1820 ab
958 1746 1053 1823 initio
1093 1758 1263 1835 sententiaa,

234 1846 408 1912 sedetiam
427 1847 461 1911 in
476 1842 582 1909 media
605 1844 755 1908 oratione
772 1841 970 1920 collocatur,
990 1840 1187 1931 lugubribus
1206 1856 1284 1910 ren·

234 1931 285 1999 bis
301 1931 457 2021 praelixa.

338 2032 418 2088 Ovio.
432 2030 517 2085 Trist.
532 2027 565 2094 6,
581 2029 615 2095 i,
632 2028 675 2082 21.
700 2030 765 2083 uiuit
787 2031 816 2082 io
838 2031 896 2094 aa,
916 2032 995 2095 cbcu,
1015 2038 1166 2083 tenerorum
1186 2029 1264 2085 oblitu

303 2136 432 2173 cruorum.
467 2115 577 2169 Anthol.
591 2113 624 2180 4,
639 2114 707 2179 223,
722 2112 749 2168 6.
769 2116 856 2184 occipo
869 2116 953 2168 nostri
973 2122 1115 2182 cctcroca,
1134 2116 1205 2181 caca,
1219 2132 1266 2169 cor·

303 2204 383 2259 aiau
399 2202 541 2270 exsequias.
1088 2200 1093 2211 “

320 2309 350 2369 4.
380 2302 553 2369 Musonius
570 2323 675 2388 quum
690 2300 854 2387 adVirgil.
867 2302 938 2367 Ecl.
955 2307 995 2385 2,
1009 2302 1062 2369 68.
1080 2300 1269 2379 declarasset,
1297 2318 1298 2322 ’

237 2389 319 2455 elteu
336 2389 445 2477 prima
463 2387 555 2455 brevi
569 2388 717 2452 iambum
745 2408 831 2461 esse,
861 2389 1071 2455 Burmannus
1093 2398 1228 2475 uterque
1246 2395 1270 2450 et

239 2475 441 2539 Schraderus
466 2484 499 2538 et
523 2473 628 2537 critici
650 2482 784 2535 nostrae
808 2475 917 2537 aetatis
942 2472 1059 2554 multi,
1091 2474 1271 2559 ubicumque

237 2560 447 2627 inveniebant
502 2559 629 2623 riorem
658 2557 820 2645 syllabam
852 2558 888 2621 in
917 2559 999 2623 cheu
1028 2557 1272 2645 producendam,

239 2655 457 2711 correxerunt
476 2582 561 2721 deu,
589 2644 672 2721 lieu,
697 2653 795 2728 atque
821 2642 903 2708 illud
927 2666 1046 2732 praece
1072 2654 1147 2710 tum
1168 2644 1272 2708 iterun
1306 2712 1308 2717 ,

239 2740 337 2817 atque
355 2730 476 2794 iterum
496 2728 671 2793 incredulis
689 2728 906 2793 inculcarunt.
949 2727 1034 2794 Mihi
1047 2668 1138 2795 liaeo
1158 2731 1273 2816 sapien·
1308 2755 1309 2758 ¹

238 2815 286 2880 tia
301 2816 407 2880 inanis
423 2826 456 2879 et
470 2836 623 2901 perversa
637 2836 768 2902 semper
784 2818 849 2880 visa
867 2825 926 2878 est.
956 2814 1043 2878 Nam
1058 2814 1207 2914 primum
1220 2820 1275 2878 erut

242 2900 554 2979 demonstrandum,
577 2909 713 2989 poetas,
745 2900 895 2986 quinon
919 2900 1107 2966 comoedias
1131 2899 1276 2976 fecerunt,

241 2997 297 3050 aut
315 3007 498 3072 numquam
513 2985 574 3049 hac
590 2982 701 3049 forma
716 2985 798 3049 cbeu
813 3007 891 3050 usos
915 3008 1003 3066 csse,
1028 2997 1084 3051 aut
1105 2984 1277 3051 adhibuisse

240 3070 496 3160 productionem
520 3069 664 3157 syllabae
680 3094 709 3134 e.
758 3070 889 3135 Etenim
912 3093 1013 3135 nemo
1038 3071 1211 3171 usurpavit
1232 3090 1278 3134 us·

211 3226 215 3233 ,
242 3178 341 3241 quam
359 3157 449 3221 brevi
463 3154 600 3243 syllaba.
646 3155 723 3237 Quo
740 3158 850 3223 minus
871 3158 1003 3221 veroin
1026 3157 1249 3223 interiectione
1266 3174 1279 3218 c

242 3241 351 3307 littera
382 3243 479 3307 etiam
502 3240 760 3327 produceretur,
788 3241 916 3306 nullum
939 3244 1050 3311 aderat
1070 3243 1280 3328 impedimen·

244 3337 329 3391 tum.
373 3326 417 3391 Et
431 3325 579 3393 Valerius
594 3325 722 3391 Probus
742 3328 854 3411 Gram.
868 3327 945 3391 inst.
960 3352 995 3417 p.
1014 3330 1106 3395 1460.
1121 3329 1206 3412 beu,
1224 3327 1281 3392 siut

245 3413 343 3491 eheu,
366 3413 615 3479 interiectione
624 3410 817 3498 productos
833 3410 984 3498 syllabus
999 3412 1148 3497 babent,
1172 3426 1210 3481 ut
1231 3414 1283 3477 aaa

243 3519 329 3584 quoe
351 3520 441 3562 nunc
466 3497 564 3563 tellus
586 3497 715 3583 inqiut,
737 3506 770 3560 et
794 3497 876 3563 eheu
901 3521 1004 3584 quom
1028 3501 1161 3587 pingui
1182 3515 1284 3565 macer

243 3594 303 3652 est.
358 3583 429 3647 Sed
452 3584 536 3652 boec
561 3583 655 3647 omni
676 3602 802 3668 genere
824 3595 1007 3668 poetarum
1033 3586 1156 3672 optari
1171 3591 1286 3673 potest.

243 3668 311 3737 Nec
334 3668 404 3733 sine
427 3668 617 3734 auctoritate
631 3666 861 3731 Broukbusius
885 3669 924 3733 ad
939 3672 1088 3758 Propert.
1105 3676 1148 3753 2,
1171 3676 1221 3746 19,
1243 3671 1287 3733 22·

244 3751 357 3832 refert,
376 3754 487 3834 libros,
506 3774 590 3837 quos
606 3752 739 3837 longior
756 3763 840 3817 aetas
859 3756 1087 3838 commendet,
1108 3757 1213 3823 veluti
1225 3755 1287 3819 llo·

244 3839 319 3909 ratii
339 3837 657 3924 praestantissimum
674 3837 841 3920 codicem,
863 3843 1108 3922 nantuacus,
1132 3841 1194 3907 sed
1217 3840 1287 3907 cleu

246 3921 419 4001 exhibere,
456 3922 556 4006 idque
584 3943 700 3987 verum
735 3946 802 3988 esse
834 3925 977 3990 affirmat
1007 3926 1229 4015 Oudendorp.
1255 3920 1288 3987 ad

246 4008 343 4092 Apul.
360 4007 441 4071 Met.
459 4031 491 4097 p.
509 4008 580 4071 533.
604 4008 818 4081 Contrarium
837 4009 876 4073 dc
889 4013 1015 4077 Horatii
1032 4011 1205 4078 codicibus
1222 4030 1288 4075 nor-

248 4103 300 4164 rat
327 4092 506 4159 Bmmanu.
531 4090 572 4159 ad
598 4092 775 4183 Antholog.
797 4095 898 4161 Tum.
916 4103 947 4163 8.
969 4122 1004 4186 p.
1020 4099 1095 4165 679.
1138 4096 1228 4163 Illud
1247 4105 1289 4161 tu-
