2618 4770
564 282 752 366 fourr,¹
911 254 913 259 ’
1091 299 1161 373 73,

187 443 243 497 teta
257 438 496 577 iaascngssrnateriem
508 437 769 510 apiscendifaaoris.
794 436 822 505 d,
844 439 870 496 6.
890 450 946 500 mo
963 445 1156 518 facistergio,

187 527 213 594 4,
231 526 273 580 69.
308 565 317 591 ,
370 563 376 577 .

201 629 233 691 4.
256 625 383 691 Deinde
400 648 466 689 non
483 626 592 712 ipsum
616 645 744 707 casum,
776 647 840 712 quo
857 629 935 714 quid
958 605 1078 695 frictum
1102 634 1155 711 sit,

118 715 320 797 cogitamus,
361 712 415 774 scd
447 711 584 775 dicimus
616 711 807 798 simpliciter
837 713 959 800 aliquid
991 718 1156 798 accidisse,
1232 766 1234 773 r

116 820 187 862 non
205 818 350 861 caussam
367 807 575 882 quaerentes,
603 797 659 860 sed
684 807 812 859 tantum
835 798 869 860 in
890 800 937 862 rei
960 811 1076 865 eventu
1100 826 1159 866 ae-

119 885 341 966 quiescentes:
384 881 439 944 ubi
462 902 522 943 nos
547 902 580 944 es
610 880 688 968 tras
706 881 794 959 sa‘cla,
837 904 870 944 es
900 883 945 945 ist
976 883 1037 950 cler
1063 886 1157 951 Fall.

118 965 171 1032 lte
190 969 327 1056 proprie
351 964 509 1029 derebus
532 966 733 1029 extrinsecus
756 966 1053 1035 intervenientibus.

223 1068 317 1153 Eurip.
335 1082 426 1150 Iphig.
452 1084 535 1136 Tuus.
551 1082 610 1137 615.
643 1082 728 1153 πολλὴ
752 1080 784 1137 ds'
803 1103 846 1146 τις
867 1087 1014 1152 προθνμία
1033 1103 1062 1143 os
1080 1087 1158 1146 τοῦδ’
1179 1135 1181 1138 .

186 1167 288 1239 ἔχουσα
309 1162 445 1235 τυγχάνει.
469 1169 559 1221 Plnut.
576 1169 655 1220 Cura.
672 1169 699 1233 2,
714 1169 739 1232 6,
760 1167 802 1220 68.
821 1171 894 1234 sorte
910 1170 1028 1238 adspicio
1041 1175 1159 1230 militena.

186 1254 291 1321 Bacch.
314 1253 339 1317 2,
361 1251 386 1316 6,
403 1251 445 1304 tt.
467 1255 541 1316 forte
562 1258 591 1303 ut
615 1253 702 1304 assedi
721 1252 749 1303 in
771 1259 857 1321 stega.
891 1252 951 1304 Liv.
969 1253 995 1318 2,
1010 1253 1036 1320 4,
1049 1254 1075 1310 6.
1096 1254 1181 1312 nansv

188 1355 282 1408 quarm
303 1335 391 1406 pridie
408 1353 485 1403 quana
505 1336 590 1407 legati
605 1337 642 1388 ud
658 1335 814 1404 Tarquinios
827 1338 1052 1405 proficiscerentur
1065 1348 1160 1410 etcae-
1209 1408 1213 1415 ι

148 1456 156 1473 .·
187 1431 282 1475 nutum
293 1423 368 1489 sorte
383 1419 456 1486 apud
473 1420 589 1471 Vitellios
611 1427 690 1483 esset,
717 1420 893 1488 coniuratique
910 1421 947 1472 ibi
965 1425 1069 1475 remotis
1086 1426 1160 1477 arbi·
1213 1418 1217 1427 Χ

188 1509 239 1559 tris
254 1505 339 1565 multa
353 1504 421 1554 inter
440 1519 466 1553 se
489 1503 522 1554 de
536 1519 618 1566 nouo,
641 1510 671 1554 ut
680 1505 733 1569 fit,
752 1504 858 1555 consilio
872 1505 1000 1573 egissent,
1018 1524 1160 1561 sermonem

189 1607 277 1642 caram
294 1605 324 1640 ea
339 1587 419 1638 servis
438 1602 505 1638 uncas
526 1585 632 1654 excedit.
660 1586 708 1638 ubi
723 1585 746 1638 si
765 1584 915 1639 reddideris
930 1594 959 1639 e‘r
971 1607 1028 1641 rear
1042 1592 1160 1662 nussillig

194 1674 237 1727 bei
254 1674 304 1724 den
324 1670 457 1721 Vitellicrn
472 1686 507 1720 eu
525 1669 630 1735 Tisebe,
648 1669 767 1738 ineptum
782 1670 897 1737 habebis
905 1671 1079 1735 sententiam.
1113 1675 1166 1727 Est

189 1771 257 1808 vero
270 1752 444 1806 vertendum:
463 1753 518 1803 and
534 1752 570 1804 da
583 1755 637 1806 sicia
652 1771 678 1806 es
692 1756 765 1819 tras,
782 1756 843 1821 dass
857 1771 885 1808 er
899 1761 950 1807 etc.
976 1755 1002 1819 2,
1018 1756 1059 1822 12,
1072 1755 1098 1811 6.
1123 1759 1161 1810 ibi

189 1857 269 1908 quum
284 1839 442 1906 stipendium
453 1838 527 1901 forte
545 1837 669 1890 militibus
682 1838 791 1890 daretur
802 1844 853 1891 etc.
888 1837 978 1893 Tacit.
992 1840 1060 1892 Ana.
1075 1839 1100 1905 l,
1116 1839 1158 1895 66.

184 1926 260 1991 sorte
285 1941 362 1991 equus
386 1922 505 1989 abruptis
527 1921 637 1973 uinculis
658 1938 799 1988 vagus-
824 1923 948 1989 quosdam
974 1926 1162 1993 occurrentium
1252 1962 1255 1971 .

191 2007 348 2060 obturbasit.
373 2005 399 2068 2,
421 2004 462 2056 82.
495 2004 569 2054 Curt.
583 2001 609 2064 6,
623 2000 665 2067 13,
682 2002 707 2054 2.
727 2003 772 2054 sed
790 2006 864 2068 sorte
887 2005 915 2055 in
936 2007 1112 2074 exploratores
1126 2037 1161 2048 --

191 2086 286 2141 ia'cidit
300 2089 407 2139 natione
421 2086 541 2138 Mardus.
568 2083 594 2148 7,
609 2084 635 2148 2,
650 2084 675 2135 1.
694 2086 755 2135 dana
769 2084 833 2137 baec
850 2086 979 2153 Amyntas
993 2090 1068 2158 agit,
1087 2088 1174 2173 fortex

190 2176 410 2238 superuenerunt,
424 2168 481 2237 ¹qui
489 2169 606 2233 fratrem
621 2166 676 2219 sias
691 2167 851 2221 Polemonem
874 2196 908 2207 -
927 2170 1040 2223 uinctura
1055 2176 1162 2227 seduce-

191 2257 265 2309 bant.
298 2252 366 2304 stat.
383 2251 450 2306 silv.
468 2249 494 2316 b,
509 2250 536 2315 1,
550 2248 593 2303 68.
613 2253 688 2317 farte
711 2253 779 2304 diens
796 2253 902 2317 Triviae
920 2252 983 2306 duna
998 2253 1074 2306 litore
1087 2257 1162 2309 duci-

191 2357 249 2392 mus
267 2338 328 2389 ada.

227 2442 329 2494 Lucan.
346 2435 372 2501 b,
386 2435 445 2490 662.
468 2445 530 2491 tanc
542 2434 622 2489 unica
635 2434 691 2488 diri
704 2445 839 2507 conspecta
854 2446 893 2495 erc
909 2440 955 2493 leti
962 2439 1064 2507 socies,
1081 2458 1162 2509 panna

186 2512 262 2594 farte
296 2529 432 2575 natantem
463 2523 580 2574 diuersae
607 2521 699 2573 rostris
729 2522 845 2575 iuuenem
865 2525 950 2590 fiam
975 2514 1090 2576 cesinas.
1113 2523 1163 2576 ubi

193 2605 323 2661 Heinsius
339 2604 504 2673 elegantium
517 2605 599 2658 haias
613 2621 676 2658 usus
690 2620 743 2657 aon
755 2608 937 2674 perpendens,
948 2611 1022 2673 sorte
1036 2623 1086 2674 pro
1095 2603 1161 2677 for-

191 2693 254 2746 titer
269 2691 369 2743 dictum
384 2689 562 2750 existimabat·
1125 2684 1127 2689 ’

228 2791 288 2844 Liv.
302 2790 345 2856 25,
359 2790 385 2856 l,
400 2792 441 2843 16.
460 2810 537 2861 quum
556 2793 757 2846 Tarentinarum
771 2792 880 2857 defectio
895 2793 949 2845 iasa
966 2795 1055 2846 diuet
1072 2794 1101 2846 in
1116 2810 1162 2862 spe

195 2876 362 2940 Hannibali,
388 2882 413 2927 et
431 2877 459 2927 in
474 2877 617 2946 suspicione
631 2875 759 2928 Romanis
771 2882 851 2939 esset,
874 2893 967 2929 caussa
975 2881 1049 2944 sorte
1063 2879 1162 2930 cetrin-

191 2977 262 3012 secus
277 2961 453 3023 maturandae
468 2962 522 3013 eius
535 2961 682 3012 interuenit.

208 3060 240 3125 5.
266 3061 349 3124 Hinc
372 3059 426 3139 fit,
454 3069 491 3122 ut·
511 3059 598 3142 sorte
622 3060 760 3142 indicet,
788 3059 960 3144 aliquando
984 3061 1051 3124 sire
1079 3059 1162 3125 olim

126 3165 196 3209 rem
220 3167 290 3208 esse
312 3146 441 3208 luctam.
494 3143 599 3229 Atque
624 3147 724 3230 accipi
754 3156 863 3230 potest
885 3167 947 3226 pro
974 3144 1162 3232 aliqrrnndo

127 3228 300 3314 (einmal):
333 3252 474 3314 quocum
491 3231 586 3293 etiam
602 3232 824 3315 componitur.
848 3229 912 3293 vid.
932 3251 965 3293 n.
981 3234 1013 3294 9.
1046 3229 1160 3295 Cicero

126 3335 196 3378 non
213 3315 258 3378 ita
272 3313 426 3399 loquutus
446 3325 512 3394 est,
534 3315 589 3379 sed
605 3314 812 3401 posteriores.
969 3312 972 3317 ’

123 3463 126 3467 -
228 3434 324 3486 Horat.
333 3432 419 3499 Epist.
427 3433 452 3497 1,
460 3433 486 3498 l,
494 3435 536 3488 29.
545 3438 672 3502 sartsper
680 3442 821 3505 angustans
830 3434 915 3487 tenuis
923 3436 1059 3506 culpecclc
1067 3437 1164 3493 rimans

193 3524 311 3584 repserat
328 3517 355 3567 in
370 3533 498 3569 cumeram
507 3520 645 3584 frumenti.
676 3518 768 3582 Sat.1‚
779 3518 838 3580 ttl.
854 3519 1002 3586 ibansarte
1014 3523 1060 3575 uia
1074 3540 1161 3576 sacru

191 3599 312 3652 Martini.
334 3600 358 3664 1,
379 3597 422 3664 st,
439 3599 463 3652 l.
489 3602 525 3651 sic
537 3603 629 3672 niger,
656 3604 683 3664 in
698 3603 764 3670 ripis
781 3610 854 3671 errat
867 3620 945 3670 quasa
956 3608 1030 3670 sorte
1047 3600 1166 3674 Caystri,

194 3683 265 3735 inter
286 3684 387 3736 ledaeos
416 3681 523 3735 ridetur
545 3703 635 3739 coraus
660 3688 749 3739 olores.
792 3685 900 3740 Seston.
927 3686 990 3740 Tib.
1013 3688 1055 3739 11.
1089 3686 1164 3754 sorte

192 3767 324 3834 quondan
335 3767 364 3819 in
378 3768 535 3836 disponenda
550 3771 592 3821 die
605 3787 681 3822 niune
692 3771 863 3838 praedixerat
885 3777 936 3823 etc.
952 3825 953 3829 ,
974 3768 1022 3822 nti
1044 3769 1163 3823 editores
1182 3822 1191 3832 ,

193 3848 303 3917 quidem
318 3849 465 3902 omiserunt
479 3852 618 3918 quondam.
641 3853 733 3906 Aurei.
750 3853 817 3907 Vict.
834 3854 868 3906 de
882 3856 959 3923 Gaea.
973 3853 1016 3918 17,
1029 3851 1056 3907 b.
1072 3871 1166 3925 puum7

193 3950 243 4002 pue
264 3951 293 3985 eo
315 3936 390 3987 modo
409 3936 498 4011 plures
517 3936 679 4002 confecisset,
700 3941 774 4004 farte
788 3955 845 3991 cam
861 3941 961 3991 Scaeua
976 3965 1010 3977 -
1027 3939 1061 3992 at
1077 3939 1164 3992 studio

193 4018 248 4096 lali¹
258 4017 399 4082 deterruit,
418 4018 462 4086 qui
475 4027 561 4087 spreto
575 4020 683 4089 gladio,
708 4023 913 4090 paenitentem
929 4022 1066 4091 cernebat,
1081 4023 1162 4091 stiffi·

195 4115 251 4154 cerc
264 4102 368 4174 utrique
384 4101 440 4168 ait,
455 4119 504 4172 auo
521 4105 676 4159 ornabatur
689 4106 751 4174 ipse.
809 4128 814 4134 ·
870 4110 873 4117 ’
1095 4101 1099 4110 ’
