2664 4756
563 238 671 338 CVM·
1080 265 1142 351 66

89 404 275 474 Doelekios
302 406 340 473 io
373 405 523 473 Gramm.
554 431 590 497 p.
608 408 691 477 ‘'214.
718 417 910 499 comparat,
941 421 1137 503 antequam,

85 505 289 581 postquam,
315 492 505 559 6116616661
520 499 661 583 generis.
702 496 810 583 Atque
829 498 864 562 in
887 502 1136 587 praepositione

89 589 122 643 ct
137 579 171 642 16
190 579 422 643 coniunctione
437 579 563 647 diversa
578 590 716 669 apparet
737 584 866 647 caussa:
888 605 968 651 nam
992 587 1136 653 coniun-

90 663 158 728 ctio
183 685 303 752 quum‚
326 686 443 751 quom,
466 687 543 730 cum
565 679 614 732 est
635 666 769 733 relativa
790 666 902 734 forma
924 671 992 734 eius
1010 673 1146 761 stirpis„

85 771 106 813 e
126 771 190 835 quo
207 761 282 813 tum
296 749 562 834 demonstrativa,
582 774 668 819 num
679 754 910 839 interrogativa
924 753 1036 822 forma
1053 750 1138 826 exiti

86 835 167 899 Inde
188 833 316 899 factum
337 845 387 900 est
407 848 556 925 cumque.
609 838 814 925 Praepositio
883 862 907 905 r
927 860 971 906 se·
992 855 1129 909 constat

83 942 156 997 666
171 956 174 961 -
192 920 325 987 aliunde
355 920 564 1004 deducenda,
604 924 676 989 nisi
701 922 794 1008 quod
819 946 837 988 s
883 925 1069 994 ilitndinem
1090 893 1133 997 ad

85 1028 238 1095 graecum
262 1005 401 1071 uerbum
423 1006 642 1077 conferamus
699 1008 787 1073 Haeo
816 1011 973 1080 vocabula
995 1012 1064 1080 iam
1089 1008 1131 1081 611

84 1093 229 1178 antiquis
245 1092 452 1178 temporibus
477 1092 638 1178 distingui·
659 1091 810 1158 solebant
833 1099 1012 1182 scriptura,
1035 1120 1131 1186 6666,

82 1180 118 1243 16
145 1178 378 1241 coniunctione
400 1177 571 1263 ambigua,
602 1179 883 1267 praepositionem
904 1202 1039 1247 semer
1068 1206 1132 1273 per

82 1263 225 1329 litteram
247 1288 265 1328 c
282 1263 481 1350 designabat.
502 1262 561 1327 ·1d
581 1263 703 1329 docent
729 1264 949 1352 grammatici,
973 1205 1135 1347 gained*

83 1348 190 1413 lienus
215 1355 251 1425 1,
266 1353 306 1430 7,
323 1348 355 1414 5.
399 1347 483 1412 Mar.
506 1350 693 1421 Victorinus
716 1372 750 1436 p.
768 1351 865 1415 2460.
905 1349 1018 1415 Velius
1034 1351 1130 1419 Lon.-

82 1456 144 1520 gus
161 1456 197 1521 p.
214 1439 309 1499 2231.
354 1434 495 1499 Scaurus
516 1457 549 1520 p.
565 1439 665 1501 2261.
683 1436 718 1499 16
744 1457 783 1499 66
804 1435 1067 1516 consentientes,
1090 1448 1133 1505 ut

80 1519 360 1610 pronuntiationis
383 1514 452 1584 fere
474 1520 600 1584 nullom
627 1520 868 1602 diversitatem,
891 1541 998 1585 unam·
1016 1531 1129 1591 tamen
1225 1586 1228 1591 ,

80 1607 280 1693 scriptruam
295 1606 545 1693 praepositionis
561 1613 785 1694 agnoscerent.
816 1603 917 1686 Quod
933 1605 1022 1670 enim
1038 1607 1128 1694 apud

81 1693 260 1756 Gruterum
277 1714 311 1790 p.
323 1695 396 1756 509.
413 1696 443 1755 6.
484 1711 583 1769 6666
595 1710 717 1758 sovms
731 1700 944 1756 mromnvs
959 1690 1079 1778 legitur
1095 1702 1129 1759 et

80 1777 149 1842 6116
176 1777 209 1841 16
234 1777 308 1841 alirs·
332 1777 602 1863 inscriptionibus
630 1798 735 1842 unum
765 1775 831 1840 hoo
866 1785 1073 1855 monstrant,
1106 1802 1136 1845 6.

83 1862 307 1949 sculptoribus
325 1861 460 1926 aiteram
478 1862 732 1942 immeramur,
754 1860 896 1961 66116616
917 1861 1126 1949 temporibus

78 1950 251 2033 usitatam,
278 1970 466 2034 expressam
484 1970 554 2012 esse
572 1948 688 2012 litteris
710 1949 747 2011 in
770 1946 1004 2011 coniunctione
1026 1945 1128 2011 adiri-'4

81 2034 210 2099 bandis.
262 2033 300 2099 16
323 2033 430 2097 uerbis
451 2032 565 2097 Scauri
584 2028 731 2120 putor.
755 2032 909 2113 6111616,
934 2026 1062 2119 quotics
1087 2030 1128 2096 V

60 2157 64 2162 -
78 2121 240 2211 sequitur,
259 2118 293 2200 Q
302 2115 513 2205 ponendum,
536 2128 574 2180 ut
584 2139 742 2205 per-quo
756 2117 1124 2204 litterummoquonu

79 2217 267 2293 tequom,
287 2214 443 2290 quotue
463 2212 524 2264 etc.
552 2223 624 2265 non
646 2202 752 2264 inesse
775 2201 871 2265 video
896 2222 992 2281 eum,
1021 2224 1123 2287 quem

80 2291 135 2355 alii
152 2289 287 2367 volunt,
309 2307 459 2365 sensum,
482 2286 574 2370 quasi
588 2295 719 2366 narret,
739 2284 839 2352 fuisse
865 2287 920 2371 qui
941 2287 1122 2353 seriberent

78 2392 251 2461 66666666,
275 2371 336 2435 sed
350 2370 439 2434 addit
455 2369 623 2459 exempla,
646 2378 746 2457 6666,
769 2370 800 2434 ei-
813 2369 1126 2462 illud‘praaoaptunn

76 2461 295 2548 probaretur,
313 2455 359 2521 ito
375 2455 543 2520 scribenda
558 2467 676 2521 essent.
698 2502 701 2509 ,

69 2574 75 2585 ·
98 2560 102 2567 ·
162 2544 304 2630 Antiqua
316 2540 426 2607 forma
443 2553 514 2605 erat
530 2564 620 2626 eom,
646 2562 694 2606 ax·
712 2539 1126 2630 oscalinguadeaumptee

77 2653 158 2697 nam
174 2631 208 2693 16
222 2627 339 2693 tabula·
355 2628 485 2692 bantina
501 2627 621 2717 iegitur
646 2650 722 2693 com
735 2626 932 2713 proiectud.
948 2629 971 2693 1.
986 2648 1016 2690 6.
1041 2648 1118 2691 oum

77 2719 219 2804 privato.
261 2712 349 2778 Haeo
366 2724 490 2779 amunta
510 2724 560 2777 est
581 2714 616 2779 16
637 2712 744 2778 verbis
760 2713 974 2800 compositis,
995 2732 1079 2795 6666
1096 2734 1118 2776 a

75 2801 185 2868 vocali
201 2800 379 2885 incipiunt,
403 2798 559 2876 comodo,
589 2800 748 2880 comitio,
771 2798 858 2863 unde
882 2796 969 2883 apud
986 2797 1116 2859 Ptutara

77 2886 180 2952 chum
203 2886 303 2950 Rom.
326 2889 377 2949 19.
398 2889 518 2971 (6.80.
540 2879 1060 3034 66166116666616666666166,
1081 2888 1116 2943 et

75 2984 155 3039 ante
177 2971 213 3051 6,
234 2993 280 3056 p,
301 2993 337 3033 m
359 2979 588 3034 consonantes.
659 2991 713 3033 am
735 2977 809 3032 ante
830 2990 866 3032 re
892 2988 973 3052 quaa
993 2985 1117 3041 66666-4

73 3070 189 3124 naotes
205 3056 412 3125 mutaricom
426 3057 557 3137 incon,
578 3053 763 3138 falsumque
779 3073 848 3117 esse
871 3051 1019 3116 omnium
1043 3046 1115 3112 fere

77 3142 371 3229 grammaticorum
400 3141 589 3216 decretum,
621 3162 692 3226 666-
709 3138 854 3203 formam
876 3160 940 3201 ooo
991 3134 1115 3219 rimiti·

73 3250 150 3294 vom
172 3227 281 3292 faisse
296 3226 498 3307 statuebant,
530 3158 1112 3313 6666616166616661666118611661616-

73 3336 130 3381 rus
151 3314 186 3376 in
209 3316 357 3377 Gramma
379 3311 429 3376 2T.
448 3317 476 3376 1.
496 3335 530 3398 p.
547 3316 622 3376 006.
646 3322 682 3375 et·
701 3311 782 3374 537,
804 3306 970 3372 Priscian.
998 3306 1059 3385 14,
1078 3311 1112 3385 3,

73 3407 127 3466 29.
152 3421 187 3485 p.
207 3402 286 3462 088..
316 3408 459 3483 excepta
480 3418 588 3472 oum,
609 3414 875 3493 1666666666
904 3392 941 3455 io
972 3397 1109 3474 compo-⁴

72 3486 196 3550 sitione
219 3506 350 3568 sempor
374 3471 1110 3567 1666616666666666666,6666616666ίὲηῇ
1191 3527 1197 3534 .

70 3571 242 3636 sotionem
255 3567 391 3645 666666,
436 3590 516 3631 rrum
531 3589 621 3629 oum
631 3564 855 3650 praepositio,
876 3572 914 3624 ut
929 3580 1061 3624 66666
1070 3582 1110 3623 r·

71 3679 137 3738 ro,
157 3651 365 3752 conficio.
407 3590 479 3719 11766
501 3652 670 3738 scripturo
694 3662 809 3714 tamen
823 3646 965 3710 muitum
982 3642 1110 3709 disort-

62 3753 143 3830 pot.
184 3739 327 3824 Antiqui
343 3738 432 3802 6666
445 3760 511 3824 pro
526 3759 614 3802 cum
631 3758 707 3801 666
720 3731 920 3798 scribebant.
939 3816 945 3828 Ι
963 3728 1013 3793 Et
1029 3753 1108 3793 soe-

62 3851 113 3916 pc
123 3839 238 3891 tamea
251 3847 287 3888 m
300 3823 338 3886 io
351 3846 376 3886 n
390 3825 478 3888 siout
491 3847 513 3889 u
530 3824 568 3888 16
582 3846 617 3886 m
628 3820 776 3887 converti
790 3818 885 3882 solet.
911 3816 999 3879 C1tra
1013 3838 1110 3913 6616-

66 3913 271 4001 positiooem
295 3931 359 3973 666
379 3931 447 3973 666
468 3909 626 3983 occurrit,
647 3906 713 3971 nisi
727 3906 763 3970 in
781 3901 973 3991 quibusdam
990 3901 1110 3964 inscri-

67 3998 257 4086 ptionibus:
282 4015 456 4082 conquam
478 3994 566 4080 apud
587 3994 720 4058 Gruter.
740 4014 776 4077 p.
790 3991 864 4062 325.
885 4011 920 4051 n.
935 3990 966 4052 7.
989 3984 1109 4073 661666

16 4132 19 4136 -
70 4084 156 4151 vixit
182 4081 315 4173 6.·761.
337 4104 375 4148 6.
398 4084 430 4148 8.
480 4077 547 4147 Sed
567 4076 822 4168 hisexemplis,
843 4072 941 4142 sicuti
961 4068 1109 4139 formula
