2618 4770
594 282 706 357 REO.
1002 372 1009 393 ι
1105 288 1173 352 361

203 444 238 504 2.
260 439 479 526 Praeponitur
498 440 559 503 edo
574 437 770 526 imperativo
788 436 823 501 in
840 437 1005 525 alloquio,
1024 461 1091 527 quo
1113 442 1173 508 ali·

132 523 195 673 puis
222 524 265 623 ad
294 523 437 610 aliquam
471 547 544 588 rem
578 526 688 624 statim
720 521 953 624 perficiendam
986 527 1173 616 advocatur.

150 607 188 675 ed
207 630 267 697 qur
285 609 514 696 appellantur,
538 632 624 674 seru
639 619 716 674 sunt
733 619 788 672 aut
802 607 955 674 hommes
969 610 1009 674 de
1025 611 1132 698 plebe.

225 728 319 782 Plout.
335 729 415 783 Most.
431 729 465 795 3,
480 729 513 797 2,
527 726 588 784 lat.
615 730 681 795 eho,
702 730 781 782 istam
792 766 800 792 ,
813 745 897 797 puer,
916 731 1076 784 circumduce
1094 734 1174 786 tusce

189 814 270 866 cedes
287 822 313 867 ot
332 815 476 867 coaoiooio.
503 813 585 869 Mau.
600 814 633 877 2,
647 814 681 880 3,
697 814 740 867 ta.
758 817 822 878 eho,
840 814 982 880 Messenio,
1008 817 1102 885 (aceede¹
1115 817 1173 870 ooo.

188 898 289 950 Prono.
316 898 350 965 1,
366 894 474 964 3,114.
499 888 615 952 'Terenti
636 899 707 952 Hoc.
725 898 759 963 4,
773 898 806 964 4,
820 896 869 950 97:
883 899 934 951 Aa
950 898 985 965 5,
999 900 1031 964 9,
1045 897 1089 961 la.
1116 902 1174 966 aiio,

188 984 287 1037 accedo
302 985 354 1037 icoo
371 985 409 1036 cd
425 1000 480 1035 me:
502 984 568 1034 liber
581 991 644 1037 esto.
1091 1016 1094 1021 -

223 1084 317 1143 Pluut.
340 1084 420 1153 Epiri.
437 1084 470 1150 4,
487 1084 519 1149 I,
540 1084 582 1167 40.
601 1086 648 1137 eho
667 1085 761 1152 istinc,
790 1087 948 1151 Canticum,
967 1085 1098 1150 stationi,
1115 1085 1176 1141 inde

153 1180 156 1189 '
189 1169 411 1238 Acropolistidem
423 1171 532 1240 prodire
539 1168 632 1236 filiam
648 1179 710 1223 onte
729 1173 806 1223 aedes
822 1176 916 1223 meam.

225 1270 339 1327 Terent.
365 1272 449 1324 Andr.
474 1272 507 1338 4,
529 1271 561 1336 1,
584 1271 626 1325 42.
655 1282 684 1325 ot
702 1275 751 1327 tibi
778 1275 806 1326 di
829 1273 942 1343 dignum
959 1271 1045 1339 sactis
1068 1269 1176 1325 exitium

192 1356 280 1410 duint.
295 1358 359 1423 eto,
376 1359 418 1410 dic
431 1360 511 1425 milei,
534 1387 568 1397 -
603 1358 695 1427 quidni
715 1361 764 1413 icoc
779 1359 916 1412 eonsilium
931 1353 1048 1411 dorent?
1082 1355 1175 1411 Plani.

194 1441 273 1508 Cnpt.
292 1440 323 1508 3,
338 1442 372 1508 4,
391 1442 434 1495 dd.

227 1544 413 1625 ''ferenuPlu
428 1542 464 1611 5,
479 1542 498 1598 9
513 1544 575 1614 (8),
592 1544 635 1599 12.
653 1545 703 1599 eioo
719 1549 758 1598 tu.
775 1538 825 1599 int.
840 1545 895 1625 fec.

162 1688 165 1693 ’
209 1700 243 1760 3.
267 1694 345 1762 Eoo
364 1694 457 1772 dicit,
481 1695 536 1784 qui
551 1696 651 1761 iratus
672 1706 726 1759 aut
745 1690 1010 1843 indignabundus
1035 1695 1178 1784 aliquem

124 1779 275 1869 increpat
292 1791 325 1845 et
341 1782 549 1847 contumeliis
568 1783 773 1879 insequitur.¹
839 1800 876 1843 os
898 1779 1036 1845 dicimus
1057 1781 1143 1848 icto.

232 1902 324 1956 Plaut.
341 1903 444 1956 Bacch.
458 1901 492 1968 3,
507 1901 542 1968 3,
561 1900 604 1954 49.
624 1903 672 1954 eho
685 1920 762 1954 aeneo
774 1901 878 1955 minimi
889 1902 987 1969 pretii,
1009 1920 1042 1955 ae
1056 1904 1178 1974 attingas

148 1984 153 1994 '
193 2004 309 2056 pueram
333 1984 400 2041 iiiuc
413 1984 521 2043 'causata
557 1986 619 2039 Mil.
640 1984 673 2050 3,
688 1985 777 2050 2,12.
796 1986 861 2050 eho,
885 1992 916 2037 tu
937 1989 1057 2052 sceleste,
1076 1989 1121 2054 qui
1136 1989 1179 2040 itu

198 2089 355 2140 neppromoo
376 2088 417 2136 es,
441 2073 498 2124 eico.
542 2072 621 2126 Pero.
640 2069 677 2134 3,
696 2058 734 2133 3,Ι
753 2068 779 2121 2.
806 2069 868 2120 Cas.
891 2068 924 2133 2,
945 2068 979 2136 3,
997 2070 1040 2123 21.
1066 2071 1180 2126 Terent.

196 2156 282 2209 Andr.
298 2155 332 2220 4,
347 2155 379 2219 2,
399 2153 441 2208 21.
459 2157 552 2208 choto
569 2157 706 2223 impudens
721 2172 775 2206 aon
791 2154 857 2205 satir
870 2154 953 2206 dobes
966 2154 1034 2221 quod
1049 2155 1180 2226 11ιίοά11-

200 2242 289 2292 oalom
304 2240 396 2292 oddo?
429 2240 541 2293 Terent.
558 2232 643 2293 Phor.
656 2237 689 2304 4,
704 2237 736 2304 4,
751 2238 776 2291 3.
791 2238 862 2309 vetto,
885 2238 1001 2291 verbero.

154 2476 157 2481 Ι
214 2393 245 2457 4.
262 2366 436 2456 Terentius
457 2390 539 2454 dum
553 2389 678 2471 adiecit,
700 2389 740 2455 de
758 2411 824 2477 quo
842 2411 877 2477 p.
885 2392 960 2454 329.
979 2385 1104 2454 dietum
1124 2401 1182 2456 est.

188 2541 191 2545 ·
238 2511 351 2565 Terent.
365 2512 448 2564 Andr.
462 2511 541 2577 2,1,
558 2510 601 2563 24.
621 2513 733 2565 ehodum
750 2513 792 2565 dic
807 2511 891 2575 milti,
908 2527 971 2562 num
990 2510 1054 2578 quid
1069 2513 1184 2581 amplius

201 2592 256 2648 tini
266 2614 323 2647 cam
334 2597 383 2648 illu
391 2597 458 2662 suit,
479 2595 617 2649 Charine?
633 2599 702 2650 Eun.
715 2596 749 2662 2,
768 2596 802 2661 3,
816 2594 859 2649 69.
876 2595 958 2648 Andr.
972 2593 998 2659 3,
1012 2592 1045 2660 5,
1062 2594 1104 2649 10.
1122 2599 1183 2650 aleo-

131 2680 141 2687 ’
201 2681 281 2746 dune,
302 2682 367 2734 boae
385 2681 443 2769 vir,
462 2679 777 2753 quidogis?1,2,18.
794 2679 922 2741 ehodum,
941 2680 978 2732 od
995 2696 1044 2732 me.

134 2868 139 2875 ·
219 2833 252 2898 a.
271 2834 404 2918 Praeter
416 2831 506 2897 hunc
524 2830 665 2897 modum
685 2853 755 2896 non
776 2840 952 2917 usurpatur
973 2828 1054 2892 haec
1077 2827 1183 2916 parti-

93 2920 98 2933 '
135 2916 227 2983 culo:
264 2919 349 2983 Nam
367 2919 457 3005 quod
472 2919 559 3004 apud
576 2919 727 2983 Plautum
743 2917 1041 2994 Pseud.4,7‚a90.
1065 2913 1185 3000 legitur

135 3020 196 3067 ΒΔ.
224 3002 411 3068 Edatur.
437 3005 546 3068 Mitte.
577 3021 634 3068 BA.
668 3003 762 3084 Quid
778 3001 944 3066 mercedis
955 3011 1099 3085 petasus
1122 3000 1186 3062 loo-

136 3087 198 3154 die
221 3087 359 3153 domino
376 3087 550 3153 demeret?
580 3088 741 3174 particula
759 3086 911 3150 cohaeret
938 3106 1013 3148 oum
1039 3086 1186 3149 interro-

123 3174 292 3260 .gatione,
312 3195 395 3260 quae
411 3175 570 3261 sequitur,
596 3184 628 3237 et
642 3174 776 3259 Harpax
792 3171 978 3259 interpeilat
995 3172 1187 3258 loquentem

137 3259 248 3325 verbis
263 3260 361 3323 mitte
376 3282 441 3323 me.
482 3258 526 3324 Et
549 3259 583 3322 in
606 3259 809 3339 Ruo.4,a,
831 3263 883 3321 10.
909 3257 986 3337 eleo,
1010 3255 1111 3321 modo
1135 3265 1187 3320 m

137 3345 443 3432 operaepretium,
467 3344 555 3432 quod
571 3343 634 3408 tibi
648 3367 712 3432 ego
728 3360 876 3408 narrare
892 3342 976 3408 volo.
1000 3342 1211 3417 ariamiro-,⁵1

138 3428 264 3495 borum
279 3430 556 3516 compositionem
578 3431 650 3517 ipsa
674 3431 771 3494 metri
792 3430 878 3494 ratio
901 3428 1049 3515 requirit.
1089 3424 1202 3514 Apude

141 3516 338 3583 Ciceronem
360 3515 401 3580 de
423 3516 492 3582 inv.
509 3516 621 3597 1,49,
638 3521 692 3581 91.
720 3527 753 3582 et
778 3517 817 3580 ad
840 3516 983 3579 Herenn.
999 3519 1038 3594 2,
1055 3513 1115 3588 26,
1133 3514 1188 3578 39.

139 3600 299 3690 leguntur
325 3601 404 3665 haec
426 3603 542 3666 Ennii:
574 3602 636 3665 eleo
658 3615 714 3684 tu,
738 3601 793 3681 di,
825 3601 940 3688 paribus
963 3610 1013 3665 eat
1031 3608 1188 3685 potestas

140 3701 254 3754 nwtus
268 3709 429 3774 superum
444 3698 543 3775 atque
556 3684 704 3776 inferum
712 3736 723 3766 ,
746 3710 868 3773 pacem
882 3687 973 3753 inter
987 3709 1058 3749 aeae
1074 3682 1189 3747 conoi-

141 3774 253 3855 door,
275 3770 454 3872 conserunt
473 3772 703 3838 concordiam.
748 3773 937 3856 Quodtcod.
955 3772 1031 3835 leid.
1054 3768 1190 3857 praeb‘et

140 3880 267 3947 paoem
282 3871 375 3924 emm
396 3859 487 3921 inter
509 3870 584 3923 sese'
601 3883 630 3924 o.
653 3861 737 3925 bene
761 3859 902 3924 restituit
925 3857 1080 3922 Orellius.
1126 3855 1191 3918 Sed

141 3947 257 4035 prima
286 3966 363 4044 pars
392 3944 571 4008 sententiae
608 3945 902 4034 interrogationem
936 3943 1084 4008 continet
1115 3961 1191 4005 oum

144 4031 364 4097 admiratione
386 4029 607 4094 coniunctam.
