2618 4770
72 1012 75 1017 -
171 1042 175 1048 Ι
201 952 290 1042 apud
307 950 398 1016 solos
415 947 576 1010 comicos.
600 980 603 987 ·
861 993 865 999 ,
1034 972 1037 977 .

867 176 874 197 ι
1091 182 1096 191 ,
1155 178 1159 189 ,
1218 130 1305 183 ··:'¹*·³

591 259 821 343 ¹E'l'ttttst
1176 242 1305 367 ..‘'''⁵

255 415 501 491 ‘asam-nqueo
514 416 559 470 aa.
589 433 617 484 ρ.
639 414 745 471 rnen
765 411 810 482 aa·
831 412 875 469 aa.
896 417 1016 491 ,ψ
1031 386 1189 483 mm
1198 368 1282 505 Q:

269 524 399 581 superque
420 505 517 559 dixisse
538 502 631 555 vident·
644 502 679 555 dc
699 502 813 555 malco
834 519 932 571 gouer·
951 504 1077 561 testimr
1101 508 1152 561 scd
1171 516 1271 563 m

223 652 226 656 ,
270 602 385 649 oestrum
394 596 453 655 'est‚
472 589 586 651 iudices,
605 589 712 652 omum,
730 604 800 657 gros
814 588 868 639 dici
880 596 992 657 possunt
1006 591 1036 642 ia
1047 591 1273 663 hominum-lavi-

195 676 198 681 ’
270 688 372 742 tatem,
390 672 615 736 inconstantiam,
637 672 827 739 cupiditatem,
855 673 962 727 etiamsi
975 677 994 729 'a
1009 668 1293 747 maurinusdimg

270 773 331 828 tor,
350 759 445 814 venri
456 756 553 811 animis
567 764 592 809 ct
610 757 774 831 cogitatione
787 758 1031 827 comprehendam

289 872 341 930 10.
364 863 627 946 componuntur
642 859 743 925 verba
758 858 864 925 immo
880 862 1022 941 etiamsi
1026 856 1053 946 ,³
1066 862 1136 929 nisi
1150 834 1271 949 fallur',
1300 880 1303 885 .

305 1064 609 1137 transmutata.
626 1067 709 1134 immo
722 1060 831 1122 etiamsi
842 1068 957 1122 alterum
970 1073 1078 1121 tantum
1087 1068 1270 1137 martana

232 1151 234 1156 ’
268 1155 451 1226 cst,.perdom
463 1152 553 1222 potios
569 1169 650 1219 quam
663 1154 753 1207 sinam
769 1173 811 1207 mc
824 1156 932 1223 impune
944 1154 1117 1207 irrisomesae
1129 1155 1267 1209 holitum.

144 1263 168 1295 ·,
267 1236 453 1305 mittut.
479 1254 522 1290 nrt.
548 1227 743 1309 Tempotegi,
763 1241 833 1311 quod
846 1242 908 1304 celo,
925 1224 1000 1310 1ιαῖιά
1015 1239 1076 1292 c'elo.
1101 1256 1148 1313 rs,
1179 1240 1267 1299 Isaras

192 1348 195 1353 ·
268 1324 377 1381 mcmsi
391 1341 445 1383 acu
461 1323 541 1375 celos.
574 1323 637 1397 Non
653 1330 775 1392 praestat
791 1310 946 1391 scripturo,
966 1340 1048 1391 qnam
1056 1323 1267 1380 Lindemannus
1284 1328 1290 1341 '

270 1410 388 1479 recepit,
399 1409 478 1462 immo
490 1426 611 1467 vero—r
625 1409 676 1461 'scd
686 1427 740 1461 non
754 1410 832 1462 oclus.
851 1409 922 1462 Nem
930 1408 1115 1478 primarcrba
1123 1411 1265 1481 abruptas

210 1517 213 1524 ·
268 1494 402 1550 orationis
417 1495 522 1569 nullent
538 1510 662 1548 caussam
677 1493 796 1558 habent,
817 1493 978 1564 nullumque
992 1510 1110 1559 sensum.

285 1582 338 1663 tt.
360 1598 418 1661 His
436 1595 592 1660 omnibus
609 1593 705 1679 facile
719 1593 933 1681 intelligitur,
961 1587 1067 1683 riualis
1083 1595 1179 1661 sitin
1197 1599 1261 1662 hoc

201 1686 441 1753 sententiarum
468 1702 529 1745 usu
555 1683 641 1765 ratio
666 1680 761 1744 modi
784 1682 982 1747 verborum:
1016 1703 1099 1776 quae
1124 1684 1261 1773 quidem

152 1830 155 1835 .
200 1773 316 1839 eadem
332 1780 378 1834 est
400 1766 547 1833 inomni
566 1767 803 1831 sententilrum
827 1766 1102 1832 conditionalium
1126 1790 1260 1857 genere.

122 1897 125 1901 .
199 1860 285 1924 Nam
311 1854 473 1944 cogitatio
492 1852 693 1939 exprimitur
715 1851 931 1940 hypothetica
940 1896 963 1936 ,-
985 1851 1021 1916 in
1050 1873 1114 1938 qua
1140 1877 1260 1919 conse-

226 1944 333 2006 uentia
365 1941 492 2027 aliqua,
528 1938 944 2027 conditione'praemissa,
971 1939 1167 2026 exponitur.
1222 1941 1257 2006 In

199 1967 263 2094 {ac
284 2046 364 2093 vero
384 2022 531 2090 ⁴citiarum
553 2047 668 2089 rorum
691 2026 952 2103 consociatione,
982 2034 1126 2111 utraque
1147 2038 1259 2114 potest

187 2114 250 2181 =vel
266 2124 304 2176 ut
324 2134 398 2176 vera
420 2123 453 2178 et
478 2121 565 2175 centa
583 2110 666 2199 poni
688 2111 741 2177 vel
765 2111 904 2199 cogitari
926 2118 1072 2174 tantum:
1105 2111 1175 2176 hoc
1200 2124 1258 2193 est,

200 2200 292 2287 quod
307 2198 407 2285 logici
432 2207 561 2272 vocant,
578 2197 631 2263 ‘vel
654 2197 827 2262 assertoris
850 2197 902 2262 vel
917 2196 1166 2283 problematice*
1184 2199 1258 2264 dici.

198 2293 308 2374 Atque
324 2283 612 2370 utriusquepartis
629 2283 714 2347 ratio
735 2283 881 2369 aequalis
901 2304 970 2346 esse
996 2292 1106 2368 potest
1128 2284 1195 2364 ita,
1215 2296 1258 2367 ,nt

198 2372 235 2438 in
249 2385 392 2457 utroque
410 2370 510 2433 verbo
530 2355 586 2432 dut
602 2368 871 2453 indicativusaut
897 2367 1122 2432 coniunctivus
1148 2393 1257 2457 pona-

198 2467 266 2522 tur.
312 2456 377 2521 Sed
394 2455 552 2521 dill'crunt
568 2455 666 2517 etiam
687 2467 815 2542 partes,
842 2455 974 2539 quando
995 2454 1044 2517 vel
1070 2454 1105 2516 in
1129 2458 1258 2542 protasi

198 2545 249 2609 vel
273 2546 308 2609 in
329 2541 468 2628 spodosi
491 2540 685 2604 indicativus
713 2551 769 2604 aut
794 2540 1022 2604 coniunctivus
1052 2538 1168 2626 locum
1194 2544 1257 2605 ob-

199 2633 294 2695 tinet.
332 2627 560 2716 scriptoribus
575 2625 675 2711 igitur
694 2626 818 2690 utrovis
834 2627 935 2689 modo
949 2627 1145 2689 sententiam
1164 2650 1256 2692 suam

200 2715 413 2780 conformare
428 2712 537 2776 licuit:
560 2712 649 2774 unde
669 2713 789 2775 criticis
815 2713 942 2775 exsistit
965 2710 1129 2775 difficilius
1153 2735 1256 2801 nego-

198 2803 302 2874 tium,
333 2814 400 2885 quo
417 2799 545 2884 saepius
562 2790 687 2862 librarii
709 2796 924 2862 indicativum
946 2797 981 2860 in
1004 2799 1255 2864 coniunctivum

198 2896 380 2955 mutarunt,
422 2883 458 2946 ld
484 2905 586 2969 quum
609 2883 645 2946 in
667 2884 829 2970 particula
852 2903 882 2947 st
907 2883 1004 2946 nobis
1021 2880 1063 2945 sit
1078 2906 1254 2971 exponen-

200 2973 299 3054 dum,
319 2991 407 3035 nunc
425 2981 555 3032 tantum
573 2969 653 3032 haec
671 2971 846 3053 addamus,
869 2969 925 3033 ubi
942 2969 1073 3032 adiectis
1089 2970 1150 3048 iis,
1172 2995 1255 3060 quae

122 3076 124 3078 ’
199 3061 366 3123 contraria
391 3057 573 3137 videntur,
608 3055 750 3120 ambitus
779 3057 828 3120 rei
858 3055 1081 3120 extendendus
1115 3057 1177 3132 sit,
1213 3059 1255 3122 ob

198 3143 323 3231 ipsam,
338 3165 436 3229 quam
454 3142 555 3205 modo
573 3139 651 3222 dixi,
669 3160 817 3215 caussam
829 3141 1041 3205 indicativum
1058 3142 1093 3204 in
1109 3153 1261 3231 utroque

198 3232 350 3294 membro
368 3228 466 3313 poni:
487 3226 544 3290 ubi
560 3237 692 3313 tempus
703 3229 801 3291 simul
816 3229 862 3291 rei
879 3227 983 3290 factae
1000 3227 1066 3290 sive
1083 3222 1255 3294 faciendae

197 3316 411 3400 intelligatur,
435 3313 601 3376 indicativi
618 3336 687 3378 esse
701 3314 813 3378 locum
830 3314 908 3398 (vid.
923 3337 956 3378 n.
973 3313 1037 3397 4.):
1062 3313 1119 3376 ubi
1136 3325 1255 3380 tomen

197 3412 230 3465 et
254 3413 292 3464 ot
323 3408 523 3485 sequuntur,
555 3400 762 3485 frequentius
785 3400 1052 3475 coniunctium,
1077 3399 1143 3463 ubi‘
1166 3414 1255 3466 certe

197 3488 365 3570 sequitur,
387 3485 515 3571 saepius
531 3485 747 3550 indicativum
763 3487 931 3571 usurpari:
964 3485 1106 3569 denique
1125 3483 1163 3550 in
1179 3511 1255 3552 sen-

196 3572 317 3652 tentia,
343 3593 425 3658 quae
457 3571 601 3634 inlicitur
627 3573 666 3636 de
690 3594 750 3653 co,
775 3570 865 3657 quod
888 3568 961 3637 fieri
987 3571 1094 3660 possit
1121 3583 1155 3636 et
1182 3573 1255 3638 fieri

195 3656 292 3722 liceat
308 3660 479 3739 universe,
502 3657 537 3720 id
558 3660 702 3744 exprimi
722 3659 947 3724 coniunctim.

298 3780 456 3846 Peruagata
473 3782 532 3831 erat
548 3777 615 3829 olim
632 3777 724 3846 opinio
745 3775 850 3832 etiamsi
869 3797 922 3832 non
945 3775 1076 3848 coniungi
1096 3794 1162 3830 cum
1181 3776 1253 3830 indi-

154 3899 170 3947 Ι-
264 3862 364 3915 estivo.
388 3865 506 3916 Alvarus
523 3863 591 3914 adeo
609 3881 638 3914 se
655 3881 787 3931 nusquam
801 3865 903 3934 legisse
920 3866 1058 3931 professus
1073 3871 1141 3915 crat.
1181 3864 1253 3916 Eum

262 3947 395 4016 exemplis
412 3947 543 4000 refutavit
558 3948 643 4000 Geth.
659 3948 769 4001 Vossius
786 3951 820 4002 de
836 3952 940 4002 Consta
958 3968 981 4002 c.
997 3948 1038 4000 (ii.
1055 3967 1081 4015 p.
1097 3945 1160 3998 599.

155 4110 158 4115 ,
299 4052 424 4117 Quatuor
450 4053 512 4102 sunt
540 4049 647 4102 formas
670 4052 751 4105 huius
775 4051 978 4105 enuntiationis.
1028 4049 1200 4102 Indicativns
1218 4049 1249 4102 in

263 4139 379 4204 utraque
401 4139 480 4203 parte
504 4131 561 4187 Cio.
581 4133 615 4187 de
634 4135 697 4192 Div.
713 4137 740 4204 2,
755 4138 797 4205 22,
814 4137 857 4191 tt).
886 4140 932 4191 scd
956 4138 1026 4206 quod
1051 4137 1141 4190 crebro
1165 4136 1249 4199 videt,
