2618 4770
532 280 605 347 EX·
972 296 975 301 ¹
1026 291 1089 355 eus

156 445 267 498 Terent.
283 438 366 494 Andr.
381 437 407 503 4,
423 436 449 503 1,
463 434 490 490 8.
514 451 546 497 ss
564 434 734 488 inecrnmodis
755 435 865 490 alterius
877 452 929 494 sua
942 445 973 495 ut
986 459 1092 513 compa.

121 537 181 582 rent
197 528 338 581 commoda.

155 633 265 684 Terent.
282 630 350 681 Eun.
363 623 391 691 5,
406 624 432 688 2,
449 620 491 676 ub.
514 623 584 676 malo
600 639 631 674 eu
642 622 774 690 principio
795 629 1095 694 mugnassamiliarr'tar

120 721 239 784 conflata
254 722 300 768 est.

156 819 268 870 Sallust.
276 817 344 882 ¹slug.
361 811 404 875 10,
418 809 444 862 2.
464 813 513 862 tua
527 795 625 874 uirtute
639 810 714 861 nobis
728 811 862 862 Romanos
879 828 909 863 cu
923 813 1013 866 amicis
1028 817 1095 868 ami·

120 905 234 959 cissimos
246 900 345 967 fecisti.

140 1029 190 1089 18.
220 1023 276 1086 En
293 1021 411 1108 aliquia
432 1040 469 1082 re
489 1015 664 1081 nominari
678 1017 728 1081 vel
744 1016 815 1080 clici
830 1014 974 1084 formula
991 1033 1039 1086 est
1056 1022 1096 1087 de

51 1111 189 1178 nornine
206 1132 247 1173 ex
266 1108 372 1192 aliqua
396 1126 433 1168 re
458 1114 574 1190 capto,
605 1111 661 1167 aut
684 1123 724 1165 ex
749 1104 882 1168 alieuius
906 1106 953 1169 rei
970 1110 1097 1174 ratione
1193 1123 1199 1132 ‘

52 1197 225 1287 imposito.

162 1315 219 1369 cie.
237 1312 270 1366 de
287 1309 390 1366 ΝΜ.
411 1308 438 1374 2,
455 1307 498 1372 20,
514 1304 556 1360 51.
584 1324 695 1377 quarum
718 1325 749 1362 aa
771 1307 921 1376 disparibus
942 1311 1099 1368 motionibus

120 1396 253 1471 ¹magnam
278 1413 377 1449 annum
400 1390 582 1447 mathematici
604 1391 813 1445 nominaverunt.
856 1395 932 1460 Quae
956 1389 1029 1448 male
1052 1416 1099 1450 ox·

76 1488 79 1495 ,
124 1485 224 1555 plicui,
241 1483 384 1549 Wopkens.
400 1479 476 1530 Leet.
492 1478 567 1529 Tull.
584 1495 610 1544 p.
624 1474 683 1529 125.
709 1475 758 1528 ubi
777 1476 840 1528 vide
855 1487 954 1531 notum.
981 1479 1015 1532 do
1030 1484 1098 1552 Leg.

125 1570 152 1634 1,
163 1567 241 1634 esti.
260 1566 377 1619 animum
392 1581 445 1616 esse
459 1564 644 1632 ingeneratum
660 1579 677 1612 a
696 1561 758 1612 deos
777 1578 807 1612 cn
818 1579 867 1629 quo
883 1581 941 1615 vere
957 1567 998 1616 uel
1013 1585 1102 1636 agna-

126 1655 165 1707 tio
187 1653 261 1703 nobis
283 1667 340 1702 cum
363 1648 510 1700 coelestibus
532 1647 573 1696 uel
592 1660 676 1714 geneis
697 1646 738 1696 uel
756 1645 836 1712 stirps
859 1648 991 1717 appellari
1009 1656 1103 1720 poteri.

126 1738 199 1792 Plin.
216 1737 288 1788 llius.
299 1753 325 1786 n.
340 1732 384 1798 27,
398 1732 440 1796 10,
450 1729 492 1782 bb.
512 1730 643 1781 holosteon
657 1727 713 1778 sinc
726 1728 827 1778 duritia
842 1735 892 1793 est,
910 1732 991 1785 herba
1006 1750 1037 1786 cu
1047 1724 1102 1787 'nd-

127 1840 200 1875 „mo
217 1823 353 1890 appellaba
368 1837 385 1870 a
402 1817 518 1869 Graecis.
561 1812 631 1865 Pliu.
646 1811 717 1864 lust
738 1811 940 1878 n.11,37,bb.
961 1818 1021 1869 aliis
1035 1820 1100 1871 sim-

131 1907 213 1975 plicia
235 1906 342 1968 tribuit,
370 1910 400 1954 ut
421 1903 449 1952 in
474 1901 561 1952 eadem
583 1913 678 1965 gauere
698 1897 866 1947 subulonibus
891 1913 920 1950 eo
943 1910 1101 1970 argrrmento

130 1991 214 2044 dietis.
235 1989 255 2040 i.
270 2005 292 2039 e.
312 2004 346 2040 ex
360 1987 402 2038 rei
416 1991 522 2037 natura.
558 1981 647 2034 Tacit.
665 1982 757 2032 Germ.
772 1981 798 2044 2,
813 1980 838 2031 4.
866 1995 879 2032 e
895 1995 1002 2049 quorum
1017 1974 1102 2038 nomi-

130 2077 208 2126 nibus
223 2073 337 2142 proximi
354 2086 449 2123 oceano
460 2069 636 2136 Ingaevones,
654 2065 733 2115 medii
747 2064 961 2116 Herminones—
971 2079 1101 2124 occentus.

128 2158 222 2213 lustin.
238 2155 280 2220 15,
296 2155 322 2220 4,
338 2148 364 2206 0.
405 2152 493 2206 Tacit.
511 2153 578 2202 Anu.
595 2147 621 2211 4,
635 2144 677 2200 55.
704 2147 797 2198 micum
820 2166 833 2198 e
853 2150 998 2204 nominibus
1015 2154 1103 2208 indita

93 2304 96 2307 .
127 2244 257 2297 vocabula
272 2241 325 2290 illis
340 2255 386 2306 per
400 2239 507 2298 Asiam,
535 2232 574 2285 lcr's
590 2235 618 2284 in
634 2231 725 2285 ltalia.
769 2231 878 2283 Sallust.
895 2234 955 2302 Ing.
970 2235 996 2299 5,
1013 2237 1037 2289 4.
1062 2240 1104 2290 eui

127 2321 222 2401 postea
239 2324 367 2388 Africano
387 2336 528 2390 cognomen
553 2334 583 2368 esc
607 2316 703 2368 virtute
716 2319 783 2382 suit.
817 2317 915 2369 Florus
932 2319 955 2382 1,
969 2318 995 2384 2,
1012 2320 1037 2373 1“,
1062 2322 1105 2373 cm·
1172 2345 1174 2349 .
1269 2343 1277 2356 ,

130 2425 274 2481 cognomen
295 2407 410 2473 Superbo
435 2421 465 2456 ec
488 2403 603 2454 moribus
626 2402 725 2454 datum.
758 2401 785 2468 2,
807 2400 896 2466 b,11.
925 2400 1009 2457 fotid.
1029 2405 1105 2459 Fosi.

77 2564 81 2570 Π
131 2497 157 2559 2,
176 2493 235 2545 tor.
258 2498 351 2540 nomen
365 2517 399 2527 -
413 2506 444 2541 ec
458 2489 522 2540 uitio
535 2488 655 2555 positum.
989 2482 993 2489 '

168 2593 262 2648 lustin.
283 2591 325 2654 20,
341 2590 367 2655 5,
386 2590 411 2643 0.
438 2609 468 2643 es
490 2591 593 2642 nomine
616 2589 688 2641 ducis
712 2596 802 2658 gentes
819 2591 963 2666 Raetorum
983 2591 1107 2649 condiba-
1168 2655 1170 2659 y

133 2664 205 2734 sunt.
232 2674 275 2741 43,
292 2674 373 2738 1,12.
400 2676 501 2726 Aeneas
524 2703 558 2714 -
581 2676 671 2725 urbam
693 2692 724 2725 cn
747 2675 848 2725 nomine
863 2676 952 2726 uraris
966 2674 1107 2733 Lauinium

133 2763 259 2816 condidit.
294 2758 362 2811 Vide
378 2760 510 2810 Munclrcr
527 2759 561 2810 cd
579 2759 648 2809 haec
664 2758 760 2808 Antan.
779 2757 898 2809 Liberal.
923 2757 947 2810 8.
967 2752 1108 2828 buccinna

52 2879 56 2893 ·
136 2848 185 2902 nul
203 2842 307 2911 Λοκροὶ
326 2839 408 2897 πόλιν
423 2840 452 2897 ἐν
470 2839 569 2916 Ἰταλίᾳ
581 2839 709 2912 Σύβαριν
727 2837 844 2895 ἔκτισαν.
1030 2842 1035 2855 ’

171 2952 227 3004 cte.
248 2951 329 3000 Tuse.
343 2945 368 3012 4,
384 2946 427 3009 12,
440 2945 483 2997 24.
503 2963 534 2998 es
550 2963 599 3013 quo
614 2946 643 2996 in
658 2945 718 2996 aliis
731 2947 865 3009 anxietas,
884 2938 1059 3010 undenarii,
1079 2946 1109 2998 in

137 3030 200 3090 aliis
213 3033 353 3086 iracundia
368 3030 473 3093 dicitur,
493 3030 609 3111 puae'ab
625 3029 669 3081 ira
681 3031 780 3098 dissert.
797 3030 816 3081 i.
832 3047 856 3082 e.
874 3047 908 3081 ex
924 3031 978 3083 hae
993 3029 1108 3085 ratione.

137 3120 182 3172 vd.
200 3119 234 3171 ad
246 3116 390 3184 Wopkens.
407 3132 433 3182 p.
449 3110 541 3165 1262.-

155 3245 205 3304 19.
231 3238 330 3318 Quod
345 3239 380 3301 in
404 3235 513 3322 aliquo
535 3255 674 3303 numero
695 3235 751 3299 'vel
773 3236 807 3300 in
832 3238 938 3325 aliqua
959 3241 1110 3307 multitu-

71 3330 147 3394 diue
164 3325 215 3388 vel
232 3325 326 3406 copia
341 3323 392 3386 vel
415 3323 447 3384 in
467 3322 576 3406 aliquo
602 3344 720 3408 genere
741 3344 859 3386 reru-m-
872 3327 986 3398 locum
1001 3326 1112 3408 habet,

70 3416 105 3478 id
121 3422 157 3474 ut
172 3409 232 3472 hae
250 3408 320 3493 ipsa
335 3409 461 3475 ratione
479 3407 684 3492 designetur,
708 3398 828 3470 dieitur
845 3433 887 3474 ex
903 3428 1042 3476 nurnero
1059 3414 1112 3478 vel

73 3519 115 3562 ex
140 3514 256 3582 genere
281 3491 332 3554 uel
359 3513 400 3575 px
423 3493 631 3579 multitudiue
654 3503 839 3578 sumptum,
868 3497 936 3562 sive
953 3498 1111 3563 electum.

74 3583 184 3662 Quare
200 3601 239 3642 en
255 3574 388 3640 additur
399 3578 586 3640 nominibus
602 3579 701 3640 totius
717 3579 782 3658 rei,
813 3582 992 3668 euius-pars
1009 3586 1051 3647 sit
1066 3584 1111 3666 id,

73 3669 196 3749 dequo
221 3673 267 3726 est
293 3659 425 3738 souma,
440 3661 602 3748 ‘idemque
625 3663 798 3746 exprimit,
833 3668 921 3753 quod
940 3670 1112 3754 genitivus.

70 3753 186 3836 Neque
204 3749 294 3812 aliter
313 3746 437 3811 Graeci.
479 3750 583 3832 Atque
598 3750 840 3832 praepositione
857 3753 1036 3817 distinctius
1054 3755 1113 3818 de·
1203 3776 1205 3780 ’

72 3840 237 3922 signatur,
259 3832 346 3916 quod
372 3831 526 3906 ablativus
551 3833 740 3928 simpliciter
763 3835 892 3901 indicat.
938 3838 1001 3901 Sed
1018 3861 1113 3926 saepe

72 3922 136 3985 hoe
160 3920 261 3983 modo
286 3917 354 3979 fere
378 3916 465 3978 idem
495 3914 666 3999 eflicitur,
682 3920 769 4003 quod
796 3925 958 3986 contraria
977 3924 1114 3988 wione

73 4006 335 4094 praepositiones
359 4002 395 4064 in
421 4011 451 4064 et
476 4000 565 4064 inter
580 4013 713 4068 notant:
744 4027 838 4095 saepe
860 4029 924 4094 pro
953 4007 1116 4087 adieetivo,

73 4093 118 4158 ita
141 4099 388 4180 componuntur
407 4087 472 4152 duo
488 4085 698 4155 substantiva.
963 4104 967 4109 ·
1046 4096 1050 4106 “
