2664 4756
126 286 190 356 104
234 346 237 353 ,
416 223 424 230 ¹
591 264 701 337 CVM.
1161 266 1240 341 s''

243 430 302 488 Sed
321 443 349 497 p.
373 420 516 492 coenat,
536 419 581 477 bb.
605 427 723 491 ecquem
738 416 869 490 parictem
890 432 968 487 scope
985 413 1097 485 seriens·
1111 431 1182 486 oen,
1218 450 1224 459 ·

202 519 249 593 pai
262 531 319 570 cunc
336 512 368 578 Q.
390 511 486 564 Catulo
502 510 599 577 ‚murat
611 507 636 559 ci
656 506 813 570 communis,
832 504 924 556 crebro
942 504 1085 569 Catulum,
1102 520 1185 572 saepo

202 600 262 667 mi,
281 595 431 668 saepbsimn
444 593 631 663 rempublicam
652 591 817 644 nominabat.
837 587 867 641 in
882 586 927 642 uis
945 587 1070 642 vurlntur
1082 588 1185 655 oratio,

204 703 240 740 no
254 684 329 738 idem
340 680 459 734 verbnm
474 680 609 732 rocumt.
1015 681 1022 696 ·

158 876 161 881 .
228 818 353 888 Crebro
371 816 560 882 adverbium
599 832 680 876 crum
698 829 831 896 semper
846 806 887 873 ad
910 818 977 872 tem
1002 827 1040 873 us
1063 817 1097 873 et
1117 824 1197 873 un-.

142 929 275 979 merum
292 904 516 991 constipatum
536 835 714 972 rclbratur,
736 894 894 961 dixerunt
914 831 1049 983 quidam
1063 891 1190 971 ,arbre

146 994 188 1063 do
201 995 328 1095 loeoet
343 989 383 1069 dc
403 987 499 1053 rebus
515 983 638 1074 spissis.

137 1146 155 1165 ,.
205 1112 353 1177 :witi-av.
368 1109 402 1174 2,
416 1107 449 1174 9,
465 1106 508 1160 1⁰.
527 1105 604 1159 alnus
620 1127 657 1142 -
677 1100 844 1169 quodminus
859 1098 939 1153 babet
964 1099 995 1151 in
1011 1115 1119 1168 corporo
1136 1101 1190 1154 ltn-

214 1186 311 1259 jore’s,
322 1192 535 1261 'ia-patamonis
548 1188 611 1243 loeis
625 1186 890 1254 insrnsundamentn
905 1183 1087 1250 aedificiumue
1105 1187 1192 1255 paln-

94 1270 141 1361 ip}
170 1280 175 1287 “
213 1280 330 1338 assuas
347 1258 557 1342 crebrc'fisn-ss-
570 1277 708 1342 pernam
723 1269 888 1323 immortalis.
905 1268 942 1321 cl.
956 1266 1006 1333 1⁰,
1021 1266 1056 1321 14
1069 1268 1192 1342 (ΠΜ.

1 1346 25 1408 :¹
100 1364 145 1429 ''.'
215 1370 303 1425 matrs
317 1379 349 1415 cs
362 1361 483 1413 tenuibus
495 1358 582 1428 uirgis
601 1355 754 1410 acumem.
766 1358 860 1406 tortae.

250 1466 331 1521 Ibem
347 1459 487 1519 Vitruvius
502 1458 552 1533 piro
566 1460 655 1521 crebro
669 1456 738 1514 uixit
749 1455 875 1516 scortea
890 1453 941 1525 1⁰,
955 1453 991 1520 28
1006 1453 1086 1528 (19),
1104 1455 1132 1512 t.
1203 1435 1206 1439 ’

510 1704 520 1725 ·
585 1645 759 1757 evm.

146 1890 150 1897 ·
237 1847 306 1915 uix
323 1867 444 1937 operae
460 1847 605 1935 pretinm
619 1856 667 1910 est
682 1843 883 1932 argumentis
897 1843 1048 1912 refellere
1061 1847 1198 1934 opinio-

125 1960 128 1965 ·
156 1953 240 2015 nes,
255 1954 339 2020 quae
353 1933 533 1999 maximam
554 1943 681 2020 partem
703 1931 834 2018 ineptae
857 1931 898 1995 de
920 1934 969 1997 ori
994 1934 1047 1997 ine
1069 1943 1103 1999 et
1122 1931 1199 1999 fon·

156 2019 306 2086 mationa
326 2018 504 2107 particulae
528 2034 600 2083 cvm
623 2026 801 2105 conceptae
822 2027 910 2081 sunt.
984 2040 1002 2083 e
1026 2018 1132 2084 dicam
1154 2018 1199 2085 de

157 2104 351 2186 Perinouio,
374 2104 432 2192 qui
453 2102 496 2167 a'd
517 2102 627 2168 Sanet.
650 2101 733 2167 Min.
757 2101 857 2167 Tom.
872 2108 905 2167 2.
926 2125 961 2191 p.
977 2107 1053 2171 608.
1075 2126 1117 2170 ex
1136 2104 1201 2173 he-

158 2188 259 2254 braeo
282 2189 377 2256 fonte
400 2190 541 2270 derivat,
568 2199 624 2253 ant
650 2187 691 2252 de
714 2186 858 2253 Scheidii
886 2190 1044 2273 somniis,
1078 2190 1199 2278 quibua

160 2296 256 2354 eum,
278 2298 343 2365 pro
359 2297 454 2341 cume
469 2276 590 2340 dictum
598 2321 609 2352 ‚
632 2264 809 2339 ablativum
823 2295 893 2339 esse
909 2278 1033 2359 censuit
1052 2279 1200 2357 neminie

158 2360 288 2438 cumis,
318 2385 336 2425 a
360 2364 481 2444 atnepos
503 2370 536 2425 et
554 2353 638 2441 ndo,
660 2371 792 2439 tumeo,
816 2358 906 2423 mole
928 2376 1071 2449 augeor3
1092 2362 1201 2428 dedu·

153 2445 225 2522 ¹eti,
250 2447 342 2530 qnasi
356 2469 433 2510 cam
447 2446 506 2510 illo
527 2455 611 2509 esset
631 2442 689 2509 illo
707 2440 877 2530 tamquam
893 2446 1031 2511 cumulo
1056 2447 1201 2598 adiecpos

56 2539 59 2544 '
164 2528 308 2612 Scaliger
331 2530 372 2594 dc
389 2530 515 2595 Caussis
530 2529 587 2592 lat.
602 2529 648 2594 lin
674 2531 822 2595 ‚arou
845 2551 958 2614 graeca
974 2555 1043 2597 esse
1064 2545 1144 2621 puta
1169 2544 1203 2600 nt

163 2615 215 2680 nal
231 2613 304 2691 odo,
327 2625 360 2678 ot
377 2615 468 2700 quod
485 2604 611 2679 facilius
629 2553 674 2678 ad
690 2613 956 2680 coniunctionem
980 2617 1096 2683 referri
1119 2642 1211 2708 pos--

136 2775 139 2779 ,
163 2709 232 2779 aet,
259 2700 500 2788 praepositioni
516 2697 640 2765 tribuit.
682 2697 901 2772 Buttmannus
918 2723 1026 2789 nuper
1049 2705 1085 2768 in
1101 2706 1204 2785 Lexi-

50 2796 59 2815 ’
162 2784 262 2872 logo,
284 2785 386 2852 Tom.
402 2790 433 2849 2.
453 2808 488 2871 p.
503 2789 577 2853 263.
592 2784 722 2866 docuit,
743 2807 818 2849 cum
830 2797 862 2850 et
899 2786 1204 2856 raecumedocon-

162 2870 272 2942 iuncta
290 2893 360 2935 esse
375 2871 408 2935 in
424 2873 480 2948 ξύν
492 2870 557 2951 ita,
581 2881 619 2937 ut
634 2894 652 2935 a
665 2870 833 2957 primitivo
848 2895 924 2954 noc,
947 2873 1092 2960 praefixa
1109 2895 1128 2938 σ
1149 2875 1204 2943 fa·-

164 2965 256 3021 ctum
275 2966 360 3022 esset
374 2954 467 3035 undu,
508 2953 596 3021 unde
611 2957 710 3020 altera
727 2955 835 3021 littera
849 2960 968 3026 omissa
985 2956 1059 3038 σύν,
1083 2982 1205 3047 quem·

164 3040 345 3105 admodum
362 3051 498 3128 cognata
512 3052 619 3105 essent
635 3036 724 3118 ξυνός
740 3051 772 3105 et
786 3040 897 3118 κοινός.
939 3044 1026 3108 llaec
1042 3045 1115 3110 fieri
1136 3068 1206 3134 po-

164 3127 264 3190 tuisse
278 3125 405 3190 facilius
422 3126 707 3206 demonstrabitur,
730 3126 929 3212 quemfacta
947 3151 1035 3208 esse,
1055 3154 1117 3196 nec
1131 3155 1208 3199 mu-

167 3210 216 3296 gis
242 3210 394 3275 audacter
417 3213 498 3309 Aug.
522 3211 676 3275 Caninius
699 3229 718 3274 e
739 3222 771 3274 et
793 3237 813 3279 n
838 3213 963 3281 litteras
987 3228 1207 3284 commutatas

154 3316 237 3365 ‚esse
250 3295 373 3382 posuit.
417 3295 506 3374 Quid
521 3296 602 3362 illud
619 3292 677 3360 sio
690 3297 743 3372 sit,
758 3320 801 3362 an
816 3319 977 3384 graecum,
994 3325 1036 3364 an
1054 3305 1206 3391 peregri-

164 3392 269 3458 num,
289 3399 390 3442 nenio
404 3378 504 3444 dixit:
530 3382 661 3450 Graecis
678 3380 803 3448 scilieet
817 3382 853 3451 id
869 3406 939 3450 non
956 3407 1040 3477 opus
1056 3397 1144 3466 mat,
1162 3398 1209 3469 ,ut

169 3460 228 3530 sta
246 3465 280 3529 in
298 3460 353 3543 ξύν
367 3474 543 3531 mutarent.

251 3583 315 3650 Alii
339 3584 374 3648 in
396 3605 434 3649 ao
451 3582 656 3666 laborabant,
676 3595 715 3648 ut
735 3572 985 3675 praepositionis
1012 3601 1043 3657 et
1066 3589 1209 3658 coniun-

169 3665 284 3733 ctionis
301 3690 402 3733 unam
425 3691 494 3734 esse
518 3669 681 3756 originem
707 3681 738 3735 et
761 3671 908 3739 indolem
935 3671 1209 3764 comprobarent}

169 3752 228 3819 aed
249 3751 384 3818 frustra.
427 3755 495 3819 Eos
519 3765 593 3819 ante
617 3755 727 3822 omnia
748 3759 935 3825 meminisse
959 3766 1150 3848 oportebat,
1172 3764 1211 3831 iu

170 3858 376 3927 quacumque
391 3839 500 3938 lingua
513 3837 717 3921 haud'semel
733 3838 856 3907 factum
873 3870 961 3925 csse,
979 3859 1015 3910 ut
1029 3850 1112 3913 duae
1129 3849 1210 3936 plu-

170 3944 263 3988 resve
278 3944 371 3989 voces
388 3948 406 3992 a
421 3925 546 3989 diversa
568 3923 671 4011 stirpe
694 3925 861 4012 profectae
883 3931 1026 3996 similem
1049 3934 1212 4000 haberent

169 4009 334 4095 speciem,
363 4031 424 4074 nec
445 4008 538 4072 facile
562 4011 700 4097 reperiri
726 4016 917 4102 exemplum
948 4020 1210 4104 praepositionis

170 4092 211 4161 ad
226 4093 472 4163 conjunctivum
486 4115 583 4164 usum
594 4094 788 4189 simpliciter
801 4098 994 4192 applicatae.
1020 4105 1108 4173 Nom
1124 4126 1211 4198 quac
