2618 4770
223 285 290 349 702
578 271 699 342 FERE-
743 270 902 341 feratu.

225 437 254 501 si
272 433 360 499 forte
374 449 531 498 erremus.
571 428 611 492 ld
626 448 705 494 vero
721 425 1050 493 animadvertendam
1064 439 1140 510 est,
1165 431 1268 519 parti.

225 521 331 586 culam
346 540 381 582 aa
397 540 473 581 com
491 514 747 601 significatione,
771 534 833 600 qua
856 536 909 578 res
932 511 1055 578 dicitur
1076 536 1268 600 accrescere,

225 629 296 672 non
311 604 380 669 aliis
401 601 506 668 verbis
531 601 618 687 apud
639 600 789 684 antiquos
806 599 939 684 quidem
954 599 1142 686 scriptores
1168 604 1267 684 adita,
1297 594 1299 669 ἶ

226 691 291 757 nisi
314 696 472 775 quaeant
494 706 671 750 numeram
694 695 750 749 aut
770 695 900 770 tempus
924 695 979 748 aut
1004 688 1268 771 magnitudinem

224 797 338 841 reram
353 773 509 837 indicant.
551 769 589 833 ln
610 770 679 833 aliis
695 779 804 833 autem
819 768 973 833 omnibus
990 768 1094 834 babet
1108 773 1267 858 signitica—
1297 794 1299 801 ·

224 862 352 925 tionem
369 857 538 922 distinctae
554 854 850 936 denominationis,
870 876 931 919 nee
996 863 1063 918 test
1074 856 1265 945 reddisset,
1297 804 1299 911 i

224 945 288 1009 nisi
311 943 442 1013 adbias
471 963 588 1028 ganz:
623 937 703 1027 jaer
722 963 836 1026 gans.-
874 961 940 1027 qno
987 949 1037 1004 eat
1057 943 1211 1008 maxima
1233 966 1267 1010 ex
1297 934 1299 945 ¹

224 1038 335 1117 parte,
357 1026 548 1092 admodum.
592 1025 801 1089 Recentiores
816 1046 894 1090 vero
914 1025 1094 1112 scriptores
1113 1030 1266 1094 etiamad

226 1115 286 1178 alia
309 1113 446 1177 nomina
466 1111 529 1174 loci
552 1120 583 1174 et
599 1110 796 1174 conditionis
818 1111 1013 1199 particulam
1033 1109 1264 1199 adhibuerunt,

223 1199 334 1265 nescio
351 1221 391 1262 an
408 1220 425 1260 a
440 1195 519 1260 Livii
535 1194 750 1283 temporibus.
945 1193 949 1201 '

323 1296 370 1373 'n'e
383 1319 445 1371 10⁶0
463 1313 785 1380 Termessenses.
803 1313 860 1368 ana
877 1313 972 1384 aaut.

262 1468 266 1472 .
327 1422 452 1488 Aequalis
472 1435 533 1472 cum
549 1403 610 1484 feri
631 1417 821 1487 coniungitur,
848 1435 931 1487 quum
955 1419 990 1472 sle
1009 1424 1140 1487 tempore
1161 1412 1262 1475 dicitur'.

292 1505 350 1559 cic.
373 1506 450 1556 Brut.
467 1503 510 1569 48,
524 1503 583 1555 1ἶ9.
621 1503 716 1555 Orbius
730 1520 801 1554 mena
812 1504 873 1567 sere
892 1503 1016 1573 aequal&
1045 1503 1148 1559 de0ff.
1162 1506 1189 1572 ὃ,
1204 1506 1262 1572 1‚1.

291 1591 374 1652 Cato,
392 1589 436 1656 qai
448 1589 506 1653 snit
521 1588 576 1639 siae
584 1589 645 1653 sere
659 1587 787 1654 aequalis.
820 1585 927 1639 cernet.
937 1585 1088 1652 Arinem.

326 1690 417 1743 Plant.
435 1689 513 1741 Tria.
527 1688 553 1752 2,
569 1688 595 1752 2,
610 1686 653 1742 88.
669 1689 744 1743 milet
757 1688 861 1756 quidem
876 1694 951 1741 aetas
965 1695 1027 1742 aeta
1043 1696 1082 1743 est
1096 1693 1203 1757 senne,
1220 1698 1260 1743 tas

290 1776 357 1828 istac
371 1778 453 1840 refert
465 1789 596 1824 maxume.
617 1771 636 1824 i.
653 1789 677 1825 e.
700 1771 783 1824 meiaw
805 1773 863 1824 Zeit
881 1773 916 1826 iet
936 1788 966 1826 se
980 1773 1104 1826 riemliele
1123 1791 1201 1844 gana
1220 1775 1260 1826 al-

289 1859 426 1928 pdaasm.
469 1855 557 1907 Tacit.
574 1856 642 1908 dnn.
657 1852 702 1919 15,
715 1852 760 1905 25.
789 1855 818 1905 ia
840 1862 943 1909 tantam
959 1860 1047 1923 ferme
1060 1859 1172 1910 marm
1190 1864 1260 1911 aeda

288 1947 433 2010 potestate,
457 1957 535 2008 qaam
554 1941 666 2008 popalus
687 1956 811 1992 romanas
829 1940 920 1994 Graec
941 1943 1064 2010 Pompeio
1079 1943 1179 1995 leuare
1193 1941 1260 2011 pira-
1297 1930 1299 1987 ἶ

290 2026 371 2079 maa
384 2032 491 2094 gestare
507 2025 625 2077 dederat
648 2023 669 2076 i.
685 2040 708 2077 e.
733 2024 855 2078 aiemlicla
869 2043 944 2094 gaas
960 2043 988 2077 aa
1005 2026 1066 2078 ciel.

323 2128 422 2179 Horat.
439 2125 545 2192 Sasu,
568 2126 593 2192 3,
616 2125 661 2180 94.
689 2128 746 2196 qaia
764 2126 846 2195 paria
870 2142 924 2177 esee
940 2128 1002 2192 fere
1018 2128 1124 2194 placuit
1149 2134 1256 2196 peccata,
1297 2142 1299 2169 Ι

288 2211 427 2276 taboram,
456 2229 536 2280 qaam
550 2219 655 2265 centnm
670 2213 707 2265 ad
719 2228 808 2263 veram
825 2217 870 2263 eet.
912 2207 992 2276 Quod
1007 2208 1189 2262 Heindorflus
1201 2227 1256 2277 sup-
1297 2218 1299 2231 '

288 2295 465 2363 platomam,
489 2293 579 2359 inesse
599 2303 690 2364 posset
712 2296 740 2348 in
761 2295 820 2362 ipso
836 2296 913 2359 sere,
946 2294 994 2345 sed
1017 2294 1046 2346 id
1069 2309 1125 2347 nou
1148 2295 1259 2363 pertinet

288 2379 324 2431 ad
337 2380 435 2448 paria,
462 2379 652 2448 significatque
674 2385 830 2430 consuetam
845 2395 920 2431 rem:
953 2379 1036 2432 decen
1055 2379 1085 2430 s'a
1111 2381 1161 2432 der
1181 2379 1257 2447 Regsl

287 2465 330 2515 die
346 2463 439 2514 Febler
452 2465 539 2532 gleicb
555 2466 670 2518 ddnbca.

325 2564 381 2617 cte.
406 2564 433 2615 iu
454 2566 532 2618 l'crr.
555 2565 580 2630 3,
602 2565 628 2630 5,
650 2567 692 2619 10.
719 2585 787 2618 acac
813 2573 931 2619 tractare
960 2581 1081 2617 caussam
1102 2564 1254 2615 instituimus

280 2649 505 2716 frumentariam,
531 2667 597 2716 qaae
611 2652 795 2719 magnitudine
806 2651 920 2702 iniuriae
930 2653 991 2715 scre
1006 2647 1161 2700 criminibus
1176 2647 1256 2699 ceteris
1295 2686 1299 2755 Ι

289 2734 428 2784 antecellit.
465 2733 605 2800 Zumptius
623 2733 683 2785 iure
700 2734 820 2786 defendit
829 2735 904 2799 sere,
926 2750 1007 2801 quum
1023 2740 1047 2784 et
1067 2750 1096 2783 re
1115 2734 1253 2783 vehemen-

286 2822 329 2868 ter
345 2815 464 2867 ieiunum
481 2818 523 2880 sit,
546 2817 591 2868 sed
603 2819 740 2886 accepisse
755 2818 863 2870 videtur
879 2834 927 2886 pro
943 2833 1022 2886 pene:
1044 2831 1109 2868 nam
1126 2825 1253 2868 oratorem

181 2928 183 2932 >
286 2901 358 2951 velle
382 2901 464 2952 etiam
489 2901 586 2953 ceteris
610 2903 767 2956 criminibus
788 2903 955 2971 gravitatem
975 2916 1050 2954 auam
1069 2917 1191 2954 servare.
1224 2900 1253 2951 rt

229 3029 232 3033 .
285 2984 339 3035 hoc
362 2984 468 3036 excedit
490 2985 629 3053 antiquam
656 3005 742 3043 nsum.
773 2989 838 3042 Fere
866 2994 906 3040 est
925 3003 1068 3056 perquam,
1100 2987 1199 3038 naides
1225 2983 1252 3034 tle

285 3085 339 3136 quo
362 3086 387 3120 u.
413 3069 437 3121 1.

321 3171 428 3236 curta,
440 3172 464 3236 8,
473 3172 514 3225 dii.
533 3173 645 3239 deflerit
656 3175 816 3228 adiuratum
824 3176 908 3228 medio
917 3177 1003 3240 ferme
1017 3174 1091 3226 alveo
1109 3181 1223 3225 eastum.

319 3273 389 3324 lllud
399 3291 472 3338 vero,
491 3274 561 3342 qnod
572 3277 711 3344 Zumptina
727 3276 877 3331 Grammat.
892 3297 918 3331 n.
934 3276 993 3328 2³9.
1011 3275 1059 3339 nit,
1079 3274 1137 3326 dici
1153 3275 1182 3327 iu
1196 3289 1251 3327 ora·

285 3353 358 3407 tione
376 3358 497 3411 modesta
512 3365 539 3411 ct
554 3361 659 3413 urbana
679 3366 800 3430 quoniam
816 3368 1009 3428 sommiator,
1035 3362 1071 3412 da
1086 3377 1113 3412 ee
1130 3361 1198 3412 decb
1210 3358 1252 3409 mol

285 3443 456 3507 aasgstnacbt
478 3444 527 3508 ist,
558 3441 587 3496 id
609 3463 718 3513 prorsus
742 3444 871 3500 abhorret
895 3463 911 3498 a
934 3450 1031 3497 natura
1054 3450 1083 3496 et
1104 3461 1158 3497 nan
1179 3442 1253 3494 huius

283 3523 443 3589 particulae.

300 3657 351 3722 14.
373 3660 423 3724 De
443 3661 539 3746 loco,
570 3688 668 3752 quem
684 3665 844 3751 particula
864 3666 1024 3744 obtineat,
1047 3663 1152 3727 critici
1177 3685 1252 3728 cou-

216 3742 305 3807 stitui
337 3745 529 3831 voluerunt,
572 3775 643 3816 eam
670 3751 824 3836 proxime
856 3751 1047 3839 praecedere
1080 3750 1252 3819 vocabulo,

216 3830 306 3892 cuius
328 3833 499 3897 notionem
525 3834 668 3900 definiat.
712 3835 786 3898 Vid.
811 3837 914 3901 Beier.
942 3833 981 3898 ad
1015 3836 1081 3899 Cic.
1114 3835 1157 3897 de
1191 3834 1252 3898 off.

215 3918 327 3993 3,1‚1.
373 3917 437 3983 Sed
455 3921 603 4005 exempla
625 3945 643 3984 a
663 3919 759 3982 nobis
782 3925 950 4007 proposita
973 3931 1163 3983 monstrant
1186 3943 1254 3983 non

213 4000 320 4097 modo
343 4013 421 4087 post
446 4026 567 4068 nomen
601 4006 684 4093 poni
713 4007 923 4092 particulam,
957 4005 1152 4090 praesertim
1179 4015 1255 4092 post

213 4095 380 4175 negativa,
400 4089 458 4157 sed
473 4091 572 4158 etiam
584 4090 764 4160 remotiore
776 4091 863 4169 loco.
902 4091 1091 4161 Mansuram
1107 4090 1255 4176 syllabae
