2618 4770
134 296 174 379 ο
211 300 276 366 sss
636 289 855 375 romanu.

317 448 409 506 Pleut.
432 449 520 503 Marc.
541 447 568 512 2,
590 446 616 513 2,
641 445 685 500 to.
720 451 811 503 cmooi
838 449 925 502 lterclc
947 448 1067 519 equidem
1092 469 1145 524 ego
1166 456 1261 514 mue

225 594 229 601 ,
283 537 479 593 odolescentia.-
499 528 1260 608 1111111111111111111111111111111111111111.1111111599.
1289 594 1294 601 ,

283 626 314 677 id
329 623 446 692 equidem
461 637 512 688 ego
528 624 598 669 certo
612 617 674 670 scio.
709 617 823 672 Terent.
844 620 937 672 Heau.
953 618 981 687 4,
996 621 1023 687 1,
1040 622 1084 676 19.
1112 626 1142 676 io
1164 630 1262 697 equilen

283 727 351 782 ego,
372 709 397 760 si
415 715 446 760 tu
467 720 564 773 neges,
595 708 666 753 certo
688 704 749 755 scio.
779 705 827 756 ubi
848 704 993 759 Bentlelus
1015 710 1153 776 praetulit
1179 715 1262 782 quidm
1283 780 1288 791 Ι

283 798 452 864 propterea,
482 805 518 856 qu
579 787 699 855 equidem
721 805 772 856 pcr
799 807 828 842 sc
853 790 962 843 valeret
984 809 1035 862 ego
1054 795 1168 862 quidem.
1203 799 1263 866 Quas

286 876 428 932 ciceronis
451 874 522 927 affer
556 871 672 925 Servius
689 873 724 926 ad
739 873 838 943 Virgil.
863 877 932 929 Aeo.
953 876 980 941 1,
1001 875 1062 931 516.
1089 898 1140 950 ego
1164 886 1264 952 equites

283 973 384 1018 ceteros
398 964 583 1029 impertales:
611 959 683 1010 haec
704 965 765 1012 sunl
788 962 877 1014 verba
899 960 1032 1015 orationis
1046 982 1075 1033 p.
1091 966 1154 1020 Mil.
1169 969 1265 1034 Mel

285 1050 373 1104 habet
388 1047 429 1100 ita
443 1044 503 1098 coel.
513 1045 592 1096 barb.
607 1043 655 1095 sed
670 1043 790 1113 reliqui,
810 1053 841 1100 nt
855 1049 958 1117 vulgo,
975 1051 1104 1118 equidem.
1122 1053 1266 1122 deorsti,

284 1132 371 1211 6,.5.
389 1134 427 1186 sic
443 1149 494 1202 ogo
507 1159 542 1170 -
556 1130 639 1182 nolim
654 1131 781 1198 equidem
809 1124 922 1187 Sallust.
943 1133 1087 1203 (11111151,
1106 1137 1150 1192 15.
1166 1142 1267 1210 equite·

221 1220 225 1226 '
285 1238 337 1291 ego
356 1217 396 1272 sic
417 1217 552 1272 existumo.
587 1215 649 1285 lug.
667 1214 711 1280 10,
725 1213 751 1268 6.
777 1218 897 1286 equidem
911 1236 962 1290 ego
977 1220 1181 1293 oolisqregnum
1194 1227 1266 1280 troia

207 1410 221 1479 Ἰ
240 1460 243 1467 ,
322 1407 416 1460 Pleut.
428 1405 530 1474 Amph.
544 1404 570 1470 2,
586 1403 687 1470 2122.
708 1405 754 1475 qui
767 1404 840 1473 ipsus
850 1405 969 1477 equidem
981 1424 1053 1462 nunc
1063 1411 1183 1480 primum
1197 1414 1268 1468 111111

229 1556 232 1563 ³
270 1501 372 1559 ,tecum
387 1490 517 1561 conspicio
530 1490 617 1543 simul.

78 1599 86 1611 '
113 1608 120 1619 '
205 1656 207 1661 ,
303 1597 459 1660 Attamen
474 1591 653 1656 recentiori
671 1602 785 1673 aetate,
804 1613 908 1680 quum
919 1584 1128 1678 grammatici
1147 1597 1267 1664 docuis-

221 1693 295 1749 sent
312 1704 381 1747 esse
394 1678 484 1744 idem
500 1678 590 1764 quod
606 1701 671 1765 ego
687 1678 824 1766 quidem
840 1679 891 1744 vel
907 1702 989 1766 ego,
1011 1685 1193 1770 scriptores
1207 1688 1267 1775 qui·

161 1792 164 1798 ·
222 1769 300 1834 dam
317 1767 592 1852 huic'praccepto
609 1785 707 1828 suum
723 1786 820 1828 usum
838 1767 1153 1841 accommodarunt,

326 1887 399 1940 Plio.
414 1884 488 1938 Eiet.
507 1878 534 1936 n‘.
549 1884 574 1950 2,
591 1882 635 1949 23,
651 1882 699 1937 25.
718 1886 788 1954 quod
809 1887 927 1955 equidem
947 1887 1038 1941 eciam
1055 1888 1083 1955 2,
1105 1889 1224 1960 98,191.
1246 1897 1268 1945 rt

280 1973 373 2038 ,1117ιί1,
393 1972 462 2040 quod
475 1971 594 2040 equidem
608 1970 740 2035 noverim,
755 1978 933 2065 prpeterecm.

307 2081 359 2140 13.
383 2073 484 2155 Quod
507 2072 674 2141 inmultis
696 2071 799 2151 locis,
823 2072 1018 2160 praesertim
1038 2077 1125 2161 apud
1145 2078 1268 2143 Cicero·

206 2173 313 2244 1111,
328 2159 456 2225 factum
473 2159 632 2240 videmus,
651 2155 807 2248 equidem
825 2159 865 2224 ab
879 2159 975 2227 initio
992 2163 1175 2231 sententiae
1188 2163 1266 2250 poni.

223 2247 258 2314 id
273 2246 451 2334 propriam
466 2245 566 2311 habet
582 2267 740 2326 caussam.
783 2243 1053 2318 Demonstrativa
1067 2249 1158 2313 enirn
1176 2269 1229 2312 sua
1243 2247 1268 2311 ri
1286 2326 1289 2331 Ι

225 2332 389 2421 particula
422 2333 523 2396 nectit
557 2332 835 2411 enuntiationem,
873 2354 957 2418 quae
981 2331 1205 2398 affirmatione
1227 2335 1268 2397 in·

213 2418 343 2503 ¹signita
362 2439 488 2483 novum
505 2428 758 2506 argumentum,
782 2417 833 2483 vel
848 2417 946 2482 aliam
961 2422 1159 2484 sententiam
1175 2419 1267 2484 addat.

225 2505 326 2584 Quod
350 2525 454 2592 quum
483 2504 643 2568 Germani
668 2503 779 2567 dicant
807 2503 880 2566 und
909 2505 947 2567 in
976 2505 1038 2569 der
1065 2505 1177 2583 Timr,
1210 2503 1268 2569 irad

224 2587 324 2664 eben,
346 2588 444 2654 multi
459 2588 496 2652 in
511 2611 583 2655 earn
601 2589 792 2675 opinionem
811 2588 942 2653 adducti
956 2601 1050 2669 sunt,
1074 2602 1111 2654 ut
1127 2592 1268 2679 equidem

225 2698 294 2739 esse
318 2673 512 2762 etquidem
538 2677 695 2739 dicerent.
745 2673 820 2762 Ipsa
845 2697 922 2741 vero
950 2678 1069 2763 copula
1092 2700 1164 2742 nou
1187 2679 1267 2756 inest,

122 2825 124 2829 .
225 2761 281 2824 aed
298 2761 458 2850 particula
474 2764 648 2827 transitum
667 2770 771 2848 parat.

329 2881 390 2939 Liv.
406 2881 433 2947 9,
449 2882 492 2947 19,
509 2882 551 2935 lo.
576 2900 628 2934 noe
643 2884 689 2934 ille
702 2899 800 2950 saepe,
818 2881 925 2933 stioossi
940 2883 1030 2951 primo
1043 2899 1172 2952 prospere
1183 2883 1268 2938 coenis·

256 3022 257 3026 ,
293 2974 366 3032 seut,
385 2967 481 3018 Persas
494 2974 520 3019 et
535 2968 615 3018 ludos
629 2974 654 3018 et
670 2967 800 3018 imbellem
811 2968 904 3018 Asiam
918 2969 1075 3036 quaesisset,
1095 2977 1121 3021 et
1138 2967 1270 3036 cumfcmi·

294 3053 336 3103 mis
352 3052 403 3103 sili
419 3052 515 3103 bellum
523 3053 610 3116 fuisse
625 3052 746 3102 dixisset:
772 3053 841 3119 quod
855 3053 936 3121 Epiri
949 3071 1039 3122 regem
1052 3053 1269 3105 Alexandrum-

293 3137 389 3189 disisse
399 3138 496 3201 ferunt
508 3163 557 3187 -.
593 3136 738 3204 Equidem,
760 3153 837 3205 quum
851 3154 900 3204 pec
915 3154 999 3189 annos
1013 3144 1129 3205 quotuor
1138 3146 1165 3190 et
1176 3136 1268 3208 uiginti,

290 3221 379 3289 primo
391 3222 488 3287 punico
511 3222 576 3273 lello
598 3222 725 3273 classibus
745 3227 875 3273 certatum
893 3239 951 3272 cum
974 3221 1068 3273 Poenis
1082 3223 1220 3286 recordor,
1236 3221 1269 3272 cis

294 3311 410 3357 oetatem
426 3305 575 3357 Alexandri
588 3308 759 3373 suffecturum
766 3307 853 3372 fuisse
868 3322 928 3358 reor
939 3305 1065 3357 coenum
1079 3307 1193 3378 bellum,
1217 3303 1267 3359 Atio

295 3387 359 3440 vide
373 3405 462 3454 supra.

312 3491 363 3553 14.
384 3489 526 3554 Pertinet
544 3492 706 3576 particula
722 3489 822 3572 haec,
847 3501 882 3555 ut
906 3492 971 3554 iam
991 3490 1077 3572 dixi,
1109 3493 1148 3556 ad
1164 3502 1266 3567 totam,

225 3573 279 3641 cui
304 3573 497 3662 praefigitur
522 3587 578 3640 aut
604 3578 847 3664 interponitur,
877 3578 1089 3642 sententiam.
1152 3579 1266 3643 Tamen

225 3670 304 3725 sunt
327 3661 445 3740 etiam,
475 3663 509 3726 in
535 3663 653 3749 quibus
678 3665 736 3727 uni
757 3663 860 3728 verbo
889 3664 1065 3750 praecipue
1086 3663 1264 3728 adhaereas.

224 3745 323 3811 huius
347 3747 414 3811 vim
443 3759 539 3834 auget
567 3759 606 3815 et.
628 3747 820 3834 adstringit,
853 3758 889 3813 ut
920 3772 982 3835 pro
1012 3749 1151 3835 quidem
1180 3744 1266 3834 accipi

223 3832 340 3919 possit.
386 3833 483 3918 Apud
509 3834 705 3897 Ciceronem
722 3857 818 3922 saepe
834 3845 912 3923 post
929 3834 1068 3901 verbum
1086 3837 1232 3923 ponitur.

329 3952 386 4005 cie.
402 3953 436 4004 de
451 3953 528 4006 Orat.
545 3952 570 4017 2,
585 3951 610 4018 6,
625 3951 668 4006 25
691 3953 746 4005 vid.
764 3974 790 4023 p.
805 3954 864 4009 432.

238 4118 240 4121 Ι
329 4055 462 4122 Quinctil.
478 4054 503 4118 i,
518 4055 544 4119 2,
561 4054 604 4107 24.
630 4057 702 4108 cuius
726 4060 854 4110 actionem
877 4059 996 4127 equidem
1013 4061 1098 4112 colom
1112 4060 1141 4110 io
1155 4060 1264 4112 1111111-

284 4154 341 4208 pus
362 4140 509 4192 emiseram.
549 4140 597 4192 ubi
627 4139 805 4210 Spaldingius
836 4147 941 4195 temere
969 4142 1089 4196 coniecit
1114 4150 1140 4197 et
1165 4143 1261 4212 quidem
