2618 4770
541 259 715 327 DEMVM.
1092 208 1155 327 aaa

167 423 326 493 pugnatum
342 415 420 469 illitis
434 415 537 469 &mum
550 418 671 487 galieno
686 416 795 483 fecitne
815 415 985 470 inscenderit.
1021 417 1111 488 Calig.
1126 382 1153 473 6.
1255 441 1256 445 ’

170 514 204 559 ut
221 504 328 573 demum
343 504 408 568 suto
424 504 551 567 fanetum
561 504 656 570 pulum
668 504 775 567 suetum
800 507 857 566 est,
885 519 939 554 non
958 503 1076 568 solatiis,
1101 522 1155 563 nun
1186 526 1192 559 e

172 590 266 645 edictis
285 587 402 640 inniberi
415 587 500 641 luctus
511 589 633 659 publicus
646 587 745 657 potuit.

184 699 219 783 6.
248 697 310 761 Ita
335 697 472 761 demam
491 720 556 786 pro
582 709 654 762 tum
676 696 832 777 demeum,
866 705 904 760 ut
927 699 1154 785 germanicum

117 804 148 849 se
167 808 232 849 nur
246 805 311 872 pro
330 783 424 849 cluna
438 806 522 865 nur,
544 783 596 849 vel
619 806 656 846 so
672 794 740 847 erst
762 805 824 870 pro
841 781 938 847 dean
952 797 1031 867 eret,
1055 807 1153 849 usur-

119 881 203 958 petur
217 894 235 934 a
250 869 490 935 recentioribus
507 869 742 957 scriptoribus,
765 871 959 956 praesertim
980 872 1015 936 in
1034 872 1153 936 eondi-

121 957 198 1023 tioue
216 955 448 1045 proponenda.

209 1077 304 1129 celeus
318 1075 352 1141 3,
368 1076 410 1128 21.
431 1095 457 1145 p.
473 1073 534 1127 163.
550 1072 574 1125 si
586 1075 645 1142 plus
665 1074 781 1128 numeris
795 1077 959 1142 excernitur,
978 1095 1056 1146 quam
1080 1098 1154 1133 assu-

179 1162 275 1226 mitur,
294 1163 335 1215 ita
350 1163 452 1213 demum
470 1160 600 1211 secundae
615 1159 775 1211 valetudinis
790 1177 847 1229 spes
860 1168 906 1213 est.
933 1161 1004 1214 Pliu.
1021 1163 1052 1228 3,
1068 1163 1153 1229 9‚1l'.

177 1262 236 1297 nam
250 1263 298 1299 nes
315 1263 413 1314 qunque
428 1253 485 1297 tam
500 1263 666 1297 numerosum
686 1262 783 1313 agmen
798 1262 902 1297 reorum
923 1247 963 1298 ita
987 1249 1088 1301 demum
1113 1250 1154 1301 rai-¹

178 1330 300 1382 delemus
318 1349 394 1399 posse
417 1348 561 1400 superare,
585 1331 609 1382 si
632 1347 681 1397 per
702 1330 822 1398 singulos
842 1338 1003 1398 carperetur.
1030 1332 1062 1396 3,
1077 1333 1111 1397 3,
1126 1333 1151 1385 2.

179 1413 229 1468 vit.
252 1432 377 1484 suprap.
393 1413 453 1467 253.
490 1415 602 1468 Suetou.
624 1415 716 1466 tirell.
737 1412 781 1466 14.
805 1415 845 1466 ita
863 1417 965 1466 demum
977 1405 1095 1481 firmiter
1122 1436 1154 1468 ae
1194 1425 1199 1432 ‘

181 1498 321 1552 diutissime
334 1501 541 1568 imperaturum,
558 1501 582 1552 si
599 1506 727 1569 superstes
747 1499 857 1567 parenti
875 1500 1021 1552 exstitisset.
1058 1502 1152 1554 Claud.

179 1582 505 1648 25.1uuin.11‚4,1u
529 1585 615 1650 Quam
637 1602 692 1637 rem
721 1585 762 1636 ila
773 1585 896 1652 graviter
915 1586 978 1636 tulit
991 1587 1152 1650 Alexander,
1177 1622 1182 1631 ·

179 1676 207 1723 ut
222 1700 258 1710 —
277 1673 361 1723 rlenuo
376 1670 470 1729 bellum
484 1671 684 1738 deprecantibus
702 1670 742 1720 ita
761 1669 865 1720 demum
879 1670 1022 1736 remiserit,
1042 1680 1072 1724 nt
1092 1690 1154 1725 orn·

177 1759 239 1807 teres
256 1763 282 1807 et
299 1757 377 1806 eluces
396 1783 430 1792 -
447 1756 498 1807 sibi
513 1755 653 1807 dedantur.

211 1857 306 1909 Celsus
326 1859 420 1910 Praei.
446 1877 472 1926 p.
489 1857 531 1910 11.
557 1859 714 1927 simulatque
733 1875 795 1910 uero
811 1860 918 1923 ferrum
938 1859 975 1910 ad
993 1860 1153 1928 praecordia

181 1945 301 2010 necessit,
320 1952 346 1996 et
366 1945 500 1996 discissum
513 1950 693 1996 transversum
711 1951 811 2011 septum
825 1950 878 2006 est,
896 1971 930 1980 --
948 1944 1077 1996 hominem
1088 1963 1154 2013 prn-

181 2029 248 2080 tinus
285 2031 403 2081 animum
430 2030 567 2081 amitteres
594 2031 683 2096 itaque
708 2030 811 2079 demum
832 2029 930 2079 mortui
950 2030 1109 2096 praecordia
1130 2036 1156 2082 ei

179 2112 257 2166 nissen
275 2130 351 2166 omne
365 2115 394 2167 in
409 2121 572 2183 conspectum
587 2113 772 2166 latrocinantis
786 2113 881 2164 medici
897 2112 966 2164 duri.

1209 2168 1255 2285 ‘d

190 2254 220 2314 6.
255 2251 551 2332 Quemadmodum
577 2261 710 2338 tempus
736 2250 918 2315 distinctius
953 2249 1152 2336 designetur,

133 2327 377 2439 ilelgmetiam
394 2340 604 2402 constituitur
615 2338 650 2399 iu
664 2335 809 2409 formula
825 2328 873 2400 ibi
888 2335 1034 2399 demum.
1067 2339 1152 2400 Poe·
1204 2288 1297 2426 aa„

134 2422 370 2488 teaucentrores
386 2447 423 2489 ea
438 2423 584 2488 utuntur
598 2426 630 2489 in
647 2424 839 2489 narratione
860 2442 974 2487 rerum
996 2421 1151 2511 deinceps

135 2514 269 2584 tanum,
293 2520 329 2616 ut
346 2533 458 2575 sensus
476 2512 518 2574 sit
535 2509 583 2573 da
599 2531 679 2573 nun.
1131 2508 1138 2541 ἢ

204 2629 365 2699 Hertogius
386 2629 421 2683 ad
447 2631 559 2685 Sallust.
581 2632 641 2685 cut.
664 2629 715 2696 12,
737 2626 763 2683 6.
790 2632 895 2682 temere
916 2628 1031 2699 negavit
1051 2630 1154 2683 demum

177 2729 305 2785 umquam
323 2716 454 2786 coniungi
467 2734 529 2771 cum
546 2716 639 2771 verbis
657 2716 750 2771 locum
770 2713 997 2784 significantibus.
1034 2717 1076 2769 Gi.
1091 2716 1154 2768 Vir·
1178 2794 1181 2799 1

176 2798 223 2868 gil.
239 2801 308 2853 Aen.
325 2800 358 2866 1,
372 2800 432 2856 629.

208 2902 300 2957 Plani.
318 2905 396 2973 Capi.
418 2904 452 2972 5,
468 2904 502 2972 4,
519 2903 545 2958 3.
571 2906 628 2958 illie
650 2906 688 2958 iii
711 2906 815 2971 demum
836 2912 874 2958 est
896 2906 981 2968 loeus,
1001 2902 1048 2955 uli
1064 2903 1153 2969 lutose

175 2986 302 3040 lassitudo
318 2992 412 3043 omnist
426 2993 563 3063 exigunda
579 3009 610 3043 eu
628 2990 781 3065 corporei.
797 3008 821 3042 e.
839 2991 987 3044 dortelren.
1021 2985 1152 3055 Quinctil.

174 3070 224 3137 lt,
238 3071 274 3137 3,
288 3070 331 3125 13.
349 3075 432 3128 Iulius
446 3077 542 3128 Florus
555 3077 584 3126 in
608 3076 757 3144 eloquentia
783 3067 953 3138 Galliarum,
971 3073 1095 3143 queniam
1116 3072 1154 3124 ibi

175 3156 276 3209 demum
294 3160 409 3211 enermit
425 3176 500 3224 eum,
519 3159 649 3228 prinecps.
685 3156 863 3226 Spuldiugius
884 3156 1017 3227 iutelligit
1039 3163 1152 3218 tantum,

170 3247 289 3327 pariat
305 3242 442 3312 signifieat
455 3244 624 3319 gerudeqdu.
877 3300 880 3307 ,
913 3244 918 3251 “

164 3384 168 3391 -
210 3344 281 3399 Stat.
297 3347 388 3398 Theb.
403 3346 436 3412 2,
454 3345 514 3400 iii.
534 3328 747 3418 tesMeleagre,
766 3346 844 3400 sulit.
880 3343 921 3397 ut
942 3343 1045 3396 demum
1066 3342 1153 3411 cuspi-

179 3428 211 3481 de
227 3432 286 3483 luta
302 3433 395 3484 haesit.
431 3431 499 3484 silv.
515 3430 548 3496 2,
564 3431 597 3497 3,
611 3431 653 3484 14.
674 3434 773 3486 eaeliea
787 3437 858 3485 tecta
873 3429 950 3482 sulit.
985 3428 1027 3479 liri
1051 3427 1153 3478 demum

144 3570 147 3585 Ι
175 3514 247 3599 ‘uicta
262 3517 402 3567 labore—
413 3517 514 3583 fluidos
529 3517 636 3585 collegit
659 3514 778 3571 amictus.
796 3513 847 3569 ubi
869 3511 1046 3567 Marklandus
1070 3511 1154 3565 abeti-

178 3612 242 3652 nere
256 3601 375 3653 debebat
389 3601 423 3652 eb
439 3601 636 3654 emendatione.

212 3704 256 3757 ud
270 3710 377 3773 tempus
391 3705 509 3755 relatum
530 3703 601 3785 apud
620 3703 732 3756 Terent.
748 3702 818 3755 Heu.
835 3700 868 3765 1,
882 3699 915 3764 2,
930 3696 973 3752 56.
993 3715 1072 3767 usque
1085 3697 1154 3750 illud

180 3787 262 3840 uuum
280 3797 320 3842 est
336 3789 476 3858 Pamphilo
490 3791 643 3860 neutiquam
656 3805 749 3859 grane,
766 3788 846 3838 donee
858 3786 914 3837 iam
929 3784 958 3835 in
968 3784 1032 3852 ipsis
1046 3783 1152 3850 nuptiis,

180 3881 316 3941 postquam
336 3875 408 3928 uidet
426 3882 558 3943 paratus,
579 3891 747 3927 neumarum
765 3873 864 3934 ullam,
883 3869 947 3937 quin
969 3869 1065 3931 ducat,
1084 3867 1154 3917 duri.

179 3956 216 4008 lii
236 3960 339 4011 demum
360 3960 401 4012 ita
425 3978 507 4029 aegre
530 3959 609 4023 tulit,
634 3966 665 4012 ut
687 3959 773 4029 ipsum
795 3953 971 4017 Bacchidem,
996 3952 1020 4004 si
1044 3953 1153 4011 adesset,

181 4042 252 4094 eredo
268 4044 307 4095 ibi
320 4045 375 4096 eius
390 4047 624 4097 commiseresceret.
900 4047 905 4051 '

211 4142 307 4205 Livius
320 4147 390 4204 dixit
403 4142 553 4204 eordemum
568 4144 703 4216 peruenit,
721 4142 756 4196 de
771 4157 824 4211 quo
839 4139 896 4197 uid.
915 4156 941 4194 u.
956 4137 981 4192 7.
