2618 4770
541 232 709 320 uuoco.

166 427 244 483 erge.
266 409 346 478 1,1,
364 408 407 464 18.
423 424 469 463 oo·
484 409 547 464 bine
557 411 669 463 numo·
682 407 809 462 discedite
817 409 949 478 pertibus.
978 407 1043 461 ute
1073 409 1156 481 Quid·

165 496 264 552 etotiei
297 494 397 548 Nolim.
431 495 475 547 Ito
499 499 541 547 eet
571 493 825 562 interpungendum.
859 495 929 546 Ante
950 490 1141 548 Heindorlin

168 582 365 636 coniunxerunt
379 580 466 632 verbe
479 578 522 631 eiu
536 580 600 648 poid
612 579 711 632 stotiei
742 579 795 632 Ille
817 594 880 649 euru
895 577 1084 646 superioribus
1097 594 1142 631 oe·

165 666 280 738 pulerit.
316 666 371 718 Sed
384 670 467 732 poete
482 680 590 716 cessare
604 664 695 729 videt,
714 680 780 732 quos
793 662 887 717 entim
902 663 1071 715 discessuros
1085 661 1141 715 exi·

166 753 342 814 dimoveret,
369 749 487 818 ideoque
508 755 606 802 evocet
627 754 767 813 moratos,
785 744 930 817 additque,
956 749 1022 818 puto
1045 747 1140 802 stetini

166 840 243 891 Pers.
257 835 290 901 5,
312 834 371 887 132.
386 835 428 886 eie
445 844 552 903 surgo*
568 834 668 903 Negas.

202 941 272 993 stas.
294 936 363 990 sur.
384 936 416 1001 1,
430 934 462 1000 2,
478 932 538 988 26&
566 936 610 988 eie
633 953 700 1006 nge,
725 935 880 1006 praeclaros
901 935 980 988 butio
998 942 1140 1005 properate

104 1046 107 1051 ·
167 1031 281 1093 nepotes.
313 1023 382 1075 Aah.
397 1019 504 1087 1508.
523 1021 583 1082 eio,
599 1019 715 1089 irrumpe
731 1021 800 1072 deos.
815 1019 864 1071 sed
880 1017 921 1071 ibi
937 1016 988 1072 ulii
1004 1019 1166 1075 coddeiu'

103 1138 105 1143 .
166 1125 235 1178 nge,
256 1121 464 1175 rumpemorues
484 1103 557 1172 quod
570 1103 778 1156 restituendum.
810 1103 928 1172 corrige
950 1103 1051 1156 vitium
1071 1102 1139 1161 euri·

163 1191 245 1245 bendi
262 1192 296 1243 T.
312 1191 337 1243 1.
353 1208 379 1257 p.
395 1189 454 1243 212.
489 1188 582 1242 Sidon.
606 1188 725 1256 Apollin.
740 1186 790 1253 14,
804 1185 831 1240 li.
855 1189 913 1250 eie,
940 1189 1076 1257 Calliope,
1099 1189 1140 1242 ni-

164 1283 237 1329 tente
249 1278 343 1345 pulmo
356 1276 392 1327 da
406 1274 478 1329 tueri
491 1273 577 1327 laticis
590 1274 784 1341 loquacitatem.
804 1273 840 1327 ef.
855 1271 951 1325 Heius.
967 1271 1003 1325 ed
1012 1272 1093 1328 ovio.
1107 1290 1139 1330 ox

125 1352 136 1367 '
164 1360 197 1414 P.
216 1360 249 1426 1,
266 1359 300 1425 e,
313 1359 356 1411 21.
1075 1370 1079 1375 ·

202 1461 263 1516 Non
276 1463 347 1514 bene
365 1420 485 1515 correxit
496 1457 628 1515 Heinsius
642 1458 722 1513 Ouid.
738 1460 806 1537 illel.
822 1455 923 1525 noto.
939 1466 984 1526 et,
999 1462 1053 1527 οἱα,
1071 1464 1137 1535 pretr-

166 1548 225 1616 poi‘r
239 1564 280 1610 ee,
305 1546 416 1614 torpes,
432 1544 488 1608 uit.
503 1570 540 1584 -
554 1545 651 1596 vidisse
674 1560 754 1616 nego.
796 1546 935 1601 Abhorret
955 1545 1012 1600 hoo
1032 1548 1069 1601 eb
1089 1564 1137 1604 usu

31 1656 34 1663 ·
122 1666 125 1673 ·
167 1631 288 1701 antiquo.
324 1627 434 1697 Optime
448 1627 556 1683 eodioe‘n
569 1634 600 1682 ut
616 1629 665 1681 illi.
710 1655 711 1659 =

179 1771 211 1835 7.
235 1763 380 1830 Valerius
394 1760 521 1829 Probus
540 1763 618 1830 Iuet.
636 1786 741 1853 gram·
764 1785 800 1850 p.
818 1768 912 1832 1430.
935 1765 1138 1832 hortationis

97 1851 288 1917 interiectio
302 1848 375 1914 Eio
390 1860 524 1914 constet
539 1851 717 1931 trochaeo,
741 1860 773 1915 et
788 1853 869 1952 puio
890 1850 1067 1940 Virgilim
1084 1852 1137 1916 ul-

51 1988 54 1992 .
96 1936 220 2000 timum
235 1934 362 2000 sciebat
378 1958 448 1999 esse
469 1933 614 2012 brevem,
639 1935 755 2024 ubique
770 1959 802 2002 ee
826 1938 975 2003 vocalem
989 1935 1153 2019 initieris·

96 2033 135 2084 ut
150 2021 222 2086 Eia
237 2045 304 2107 ege
318 2043 438 2109 rumpe
449 2044 565 2087 moros
574 2070 584 2104 ,
607 2033 640 2086 et
655 2020 773 2086 Hostis
787 2023 886 2089 adest
904 2025 971 2104 eie,
992 2022 1137 2110 ingenti.

96 2106 214 2171 Potest
230 2118 344 2171 tonteu
356 2107 394 2171 in
407 2107 606 2173 necessitate
615 2128 681 2194 pro
697 2108 911 2257 longa‘pioni.
942 2113 986 2174 At
1000 2128 1036 2195 p.
1048 2111 1137 2175 1421.

97 2192 299 2256 eontrarium
332 2189 446 2258 docet:
477 2186 691 2279 eiooonstot
713 2216 797 2278 spon
826 2218 881 2258 eo.-
910 2194 1034 2259 ultimo
1056 2215 1137 2259 sorte

96 2275 230 2364 syllaba
246 2277 284 2341 in
296 2276 543 2363 synaloepham
550 2277 655 2349 suadit
670 2276 797 2342 duobus
814 2280 867 2344 tis
884 2279 1043 2361 versibus,
1067 2280 1137 2345 Eio

2 2384 4 2389 ·
97 2386 166 2449 age
181 2386 302 2450 segnes
315 2373 347 2427 et
361 2361 478 2427 Hostis
495 2363 593 2428 adest
610 2364 675 2427 eia.
704 2365 858 2428 Sidonius
874 2365 1018 2453 Apollin.
1039 2362 1092 2442 14,
1107 2370 1136 2431 o.

98 2470 202 2533 quum
227 2450 261 2511 in
283 2447 415 2536 reliquis
435 2448 715 2534 hendecasyllabis
737 2450 925 2537 spondeum
948 2452 1138 2536 praemitte·

96 2543 165 2608 ret,
198 2533 392 2620 produxisse
407 2533 535 2605 videtur
549 2533 700 2599 ultimum
724 2536 898 2622 syllabam.
942 2537 1007 2602 Sed
1029 2537 1137 2602 Valet·

96 2617 229 2770 {lappas
243 2618 374 2769 brpppm
389 2620 502 2719 posuit
516 2621 555 2704 8,
574 2623 646 2686 110.
677 2619 722 2686 of.
735 2622 868 2689 Vossius
882 2624 923 2688 de
937 2625 1018 2690 Arte
1033 2644 1136 2710 gram.

126 2726 256 2792 ‚·o
338 2749 349 2769 ·

491 2892 735 2985 ELOCO.

181 3060 282 3125 Verbi
305 3078 419 3126 unoco
444 3062 647 3128 mentionem
670 3085 739 3131 non
764 3062 926 3137 iacerem,
950 3063 1011 3128 nisi
1036 3084 1139 3152 quos-

99 3145 175 3209 dam
191 3149 322 3210 criticos
341 3149 380 3209 ad
396 3146 513 3211 falsam
540 3150 732 3236 opinionem
748 3148 857 3237 lapsos
875 3149 1048 3230 vidissem,
1073 3171 1139 3214 esse

96 3232 187 3295 illam
215 3233 383 3317 antiquam
412 3231 559 3296 formem
584 3235 673 3298 verbi
702 3236 814 3307 illico,
856 3235 1140 3321 quemadmodum

96 3317 198 3401 ellum
215 3339 277 3403 pro
293 3317 391 3380 illum
417 3319 543 3382 dietum
567 3331 660 3395 esset.
706 3321 759 3383 Sic
782 3320 964 3385 Gulielmus
989 3318 1138 3385 Verisim.

95 3407 134 3476 2,
154 3407 202 3466 13.
225 3402 281 3486 qui
304 3403 462 3491 explicat,
486 3427 554 3468 esse
576 3427 640 3492 pro
663 3428 701 3469 eo
725 3407 802 3468 loci.
854 3406 897 3473 Et
918 3405 1057 3470 Bothius
1082 3426 1140 3494 per

96 3497 205 3550 totum
221 3487 372 3551 Plautum
388 3489 477 3554 eloco
495 3490 641 3578 scripsit,
661 3490 717 3554 ubi
733 3500 821 3554 reete
836 3492 961 3557 codices
981 3492 1141 3579 praebent

94 3572 199 3637 illico.
249 3573 324 3637 Duo
346 3585 423 3638 sunt
445 3574 543 3640 verbu
566 3575 657 3639 eloco
681 3577 845 3652 stillico,
881 3577 1030 3664 illudque
1057 3575 1141 3642 nihil

97 3657 183 3722 eliud
202 3680 301 3744 quam
319 3670 485 3725 eontracta
509 3660 618 3727 forma
643 3658 818 3726 verborum
847 3684 864 3727 e
888 3663 980 3741 loco,
999 3663 1058 3727 ubi
1079 3685 1139 3752 pro

96 3742 249 3809 adverbio
295 3754 449 3813 onuutur.
479 3743 692 3831 Etsignifieat
708 3751 845 3836 proprie
860 3747 928 3813 fere
943 3747 1033 3813 idem
1073 3746 1141 3813 uod

95 3829 233 3893 inleso.
271 3768 360 3894 bom
377 3852 417 3893 ex
436 3829 475 3892 de
495 3851 534 3894 eo
558 3831 623 3895 dici
646 3842 772 3919 potest,
795 3834 885 3920 quod
909 3856 952 3899 ex
974 3856 1035 3898 suo
1049 3773 1138 3900 loco

94 3926 231 4002 apparet
249 3924 303 3976 aut
318 3914 543 4000 progreditur.
584 3919 708 4003 Atque,
728 3930 765 3982 ut
778 3921 923 4008 plurima
941 3919 1008 3985 loci
1024 3922 1138 3986 nomi-

94 4023 154 4082 na,
186 3999 227 4065 ed
252 4010 382 4086 tempus
411 3999 551 4065 relatum
580 4005 800 4092 usurpabatur
829 4006 870 4070 de
900 4016 1073 4093 tempore,
1103 4017 1140 4071 ut

96 4098 180 4151 esset
192 4082 332 4167 atatim,
351 4081 494 4153 αὐτόθεν.
510 4085 577 4154 vid.
592 4088 700 4176 Viger.
716 4113 752 4180 p.
767 4091 841 4158 los.
864 4090 936 4180 auf
946 4092 1010 4157 der
1024 4092 1138 4159 Stelle.
