2618 4770
560 237 683 311 suu.
1031 322 1039 335 ,
1074 253 1138 321 aas

102 397 172 467 nim
185 396 320 487 utrique
334 396 527 465 communia
541 405 630 496 sunt.
671 395 830 485 Alioquin
846 397 962 470 Cicero
979 425 1051 475 non
1066 430 1135 498 po·

102 484 196 553 uisse
209 484 252 550 de
269 482 336 550 off.
349 491 384 565 2,
400 486 521 566 12,;42.
546 482 674 569 dicere:
695 506 802 572 neque
818 484 910 551 enim
927 490 1033 560 aliter
1048 510 1134 563 esset

102 566 168 726 lugeat
189 592 275 660 quae
292 570 406 661 potilio
424 579 505 662 post
540 567 642 639 dixin
667 574 768 640 'uum
780 568 886 641 aliter
907 573 1045 647 iustitia
1064 604 1135 648 uon

162 808 248 879 Nun
263 807 462 899 perticulam
484 810 618 881 etiamsi
629 832 699 876 non
723 832 800 881 cum
816 812 919 882 Gerli.
935 817 1056 887 Voeeiu
1078 822 1135 890 di-

101 917 172 981 um,
200 918 267 986 per
288 892 486 961 metathesin
509 895 630 963 factam
653 920 724 965 esse
742 922 786 966 ex
804 920 918 984 graeca
938 902 1023 988 pals„
1047 928 1134 995 quae

101 978 233 1067 atpiu,
256 990 369 1047 tamen
391 981 506 1068 negari
528 1004 598 1047 non
612 993 749 1072 potest,¹
764 984 905 1055 latinum¹
922 988 1041 1057 iisdem
1062 992 1134 1059 ele..

101 1072 202 1135 nentis
224 1075 376 1133 constare
401 1076 433 1131 ct
451 1065 500 1131 ab
530 1066 602 1134 hac·
619 1069 749 1154 origine
770 1069 892 1137 habere
914 1074 983 1143 vim
1008 1077 1133 1145 confir-

101 1154 206 1221 randi.
249 1152 337 1218 Haec
360 1150 554 1237 significatio
578 1154 852 1221 accommodatur
876 1167 909 1222 ct
931 1163 1133 1248 expositioni

101 1261 196 1307 erum
222 1246 256 1304 et
284 1238 574 1325 comprobationi,
627 1240 895 1344 quandoquidem
926 1244 963 1309 in
991 1257 1134 1335 utruque

100 1325 227 1391 enitatis
242 1321 489 1415 confirmandae
513 1337 745 1415 argumentum
766 1339 868 1393 inest.
908 1328 963 1399 Sic
979 1354 1133 1430 graecum

100 1406 267 1499 iper-tum
284 1419 335 1475 est
357 1430 398 1474 ex
422 1433 454 1494 χε
476 1407 546 1495 ἄρα.
588 1410 855 1478 Demonstratiua
879 1415 1133 1487 uccedrtmaier

99 1499 147 1581 is,
169 1517 254 1585 quae
270 1494 544 1585 significationem
558 1495 719 1583 intendit,
739 1496 887 1590 praelixa
901 1500 1028 1599 syllaba
1042 1527 1080 1581 c,
1100 1516 1133 1571 et

104 1593 164 1648 cut
188 1578 344 1670 apsidem
366 1592 399 1644 et
422 1581 541 1647 similia
562 1579 773 1666 formantur,
804 1584 849 1654 itu
867 1591 1020 1653 eusm'cx
1037 1611 1132 1655 nam.

100 1666 133 1735 f.
167 1690 205 1757 p.
229 1669 304 1733 541.
362 1665 483 1731 Differt
511 1666 611 1753 igitur
639 1670 739 1733 enim·
761 1668 803 1733 ab
837 1672 922 1741 uam
953 1684 1040 1738 certa
1069 1675 1131 1740 de-

104 1752 307 1842 gnatiorle‚,j
333 1772 395 1843 uae
421 1752 581 1841 quoniam
602 1753 652 1818 vel
674 1754 713 1820 ad
736 1775 840 1821 unam·
862 1776 935 1823 rem
954 1759 1132 1847 praecipue

100 1841 244 1918 attinet,
272 1856 295 1903 v
348 1839 544 1903 sententiam
568 1838 687 1905 arctius
710 1840 866 1923 innectit,
895 1844 1057 1930 particula
1073 1846 1133 1912 uni

100 1926 131 1992 el
144 1923 298 2014 pluribus
313 1921 421 1989 verbis
433 1923 649 2013 postponitur
656 1973 676 2010 ,.
682 1926 882 2019 amplectens
892 1924 1131 2023 quasipartem

99 2012 227 2101 liquam
239 2010 430 2074 sententiae.
915 2012 919 2019 '

183 2126 347 2199 comparari
360 2133 450 2198 potest
465 2128 761 2184 tornodorensem
775 2129 997 2199 germanicorum
1014 2135 1088 2188 deen-
1101 2139 1131 2190 et
1172 2140 1176 2149 “

145 2234 246 2273 munna
273 2230 338 2267 nom
360 2212 446 2278 illud,
470 2213 543 2283 quud
563 2213 654 2282 ipsum
674 2213 918 2268 demonstrativum
931 2217 1132 2286 formumprne

145 2319 184 2358 se
192 2301 267 2367 tert,
286 2297 404 2367 antiquo.
419 2303 544 2370 tempure
567 2296 652 2353 etium
669 2300 801 2367 Manto„
819 2299 874 2354 lioc
887 2304 979 2355 nauto
993 2314 1045 2371 pru
1059 2300 1131 2355 deos

146 2386 301 2441 dicewm

184 2487 251 2543 otto
267 2484 412 2540 Schnlaius
427 2485 459 2540 in
474 2484 597 2541 Grnmm.
615 2485 677 2541 1⁰5.
693 2504 721 2557 p.
736 2483 796 2541 636.
809 2487 883 2541 hanc
897 2483 966 2540 lecit
978 2483 1131 2541 distinctio·

146 2590 229 2629 nem
255 2572 325 2625 cutim
347 2571 471 2624 indicare
492 2571 628 2627 rationem
649 2571 680 2624 in
701 2571 883 2640 repositum,
907 2589 972 2626 cnm
988 2571 1131 2625 illustrare

148 2656 362 2728 communem,
380 2656 439 2709 sive
453 2655 617 2725 opinionem.
643 2658 723 2727 Ques
737 2654 972 2728 quun-totoue,
989 2674 1025 2711 ex·
1036 2663 1131 2713 noane

146 2740 381 2797 demonstratione
393 2740 511 2811 patebit

162 2900 325 2968 Vniuersa
350 2899 375 2964 si
401 2896 543 2965 nificatio
573 2894 672 2962 huius
698 2897 877 2986 particulae
901 2902 937 2968 in
960 2921 1008 2966 ce.
1021 2897 1131 2990 positu

98 2994 208 3069 st,-ut
222 2987 340 3052 veritas
357 2923 493 3051 alicuius
507 2983 563 3050 rei
572 2983 631 3049 vel
643 2986 821 3051 sententiae
839 2987 948 3052 aliare
961 2986 1130 3073 vel'argu-

98 3070 199 3161 peuto
213 3081 432 3137 monstretur.
475 3070 610 3156 Atquiv
650 3068 709 3135 'tas
724 3078 844 3136 etrem
859 3094 947 3152 esse,
975 3081 1008 3135 et
1024 3070 1165 3158 qualis4
1264 3140 1270 3155 Ι

98 3157 175 3223 uit
195 3157 360 3236 ostendit,
383 3167 419 3220 ct
459 3165 544 3219 otest
567 3091 879 3251 veffifflxpdcata,
901 3156 954 3224 vel
975 3142 1214 3249 imni-:EQ
1227 3124 1299 3216 ll(

97 3242 243 3320 trebete,
274 3242 326 3309 vel
349 3243 383 3307 in
406 3179 568 3340 iffifflii?
596 3262 634 3305 re
657 3232 833 3329 cognoch
875 3242 987 3325 Quare
1005 3241 1145 3335 mult&
1190 3240 1267 3367 ,ills
1282 3241 1309 3271 ’

97 3318 256 3480 iffpfenus
276 3327 455 3393 dictionum
474 3326 670 3415 perticulam
688 3326 780 3391 enim
797 3320 1049 3416 recipientiu‘rii,
1070 3349 1131 3392 ex-

97 3434 156 3481 ioei
204 3411 578 3513 nfflfflsslptllbtllffltit
598 3414 873 3497 wadonis..
898 3414 992 3496 Quae
1009 3435 1130 3500 quam-

97 3490 308 3588 fiifflii'n'tmr
324 3521 383 3563 unt
404 3460 768 3577 ratioui'suirmittunt,
799 3519 862 3567 nos
880 3499 1038 3564 Germani
1057 3521 1129 3563 non

97 3604 259 3651 unmumus
275 3606 344 3649 uno
362 3584 523 3650 vocabulo
540 3584 696 3660 reddere,
719 3605 830 3672 neque
850 3585 912 3650 ulia
946 3607 1008 3649 eus
1021 3583 1129 3649 nostri

97 3670 258 3759 emporis.
302 3670 367 3736 Sed
383 3671 494 3735 omnia
515 3669 595 3734 haec
617 3668 652 3734 id
675 3669 901 3736 communeh
945 3681 1019 3753 eut,
1040 3668 1130 3733 utin
1247 3735 1249 3740 ,

97 3758 185 3825 isox
207 3757 370 3823 sententia
394 3756 499 3844 aliqua
521 3755 563 3820 ad
585 3754 684 3821 alium
707 3756 1005 3843 transgrediamur,
1038 3752 1130 3842 quod

96 3844 169 3907 tt-st
191 3843 433 3931 componendis
449 3838 727 3907 enuntiationibus
736 3843 804 3907 sive
819 3841 965 3912 iudiciis,
980 3853 1012 3905 ct
1024 3842 1129 3906 ratiu—
1214 3900 1218 3915 ,

96 3927 268 4014 inatione,
293 3948 378 4016 quae
399 3936 528 3993 constat
547 3924 736 4016 praemissis
758 3927 927 3994 sententiis
940 3937 975 3992 et
992 3924 1130 3992 conclu-

96 4011 186 4109 leur·

128 4110 168 4175 42¹·
246 4160 249 4165 ,
