2618 4770
199 258 431 345 aouuoim
473 260 714 331 muuono.
758 212 1033 341 comaonvu.
1055 240 1058 245 ’
1081 270 1143 347 ul

116 427 148 489 n
166 415 288 482 Paca-
306 417 344 483 iu
365 415 585 482 Friuolaria.-
620 419 838 488 commocio
868 422 1141 497 dictitemua.

109 500 152 577 ¹ssl
176 524 206 595 p.
229 506 303 567 177.
358 502 528 567 Similiter
559 515 592 569 et
626 506 845 572 commodo
887 508 1067 595 dixerunt,
1103 529 1141 580 ut

116 586 286 675 Plaatuain
293 585 765 674 illiuoluriuprocommode.
792 591 966 667 Titinnius
982 596 1019 661 irc
1027 598 1139 664 Iuris-

117 670 224 761 pan‘ta:
245 695 357 737 nuuc
378 670 489 739 adeo
512 675 671 740 uicum.-
691 677 805 745 veile
824 676 998 747 rem'm'c
1041 708 1140 750 uum

123 754 244 841 ciebat
271 780 366 823 sese
398 781 555 824 mecum
578 759 720 847 loqui:
754 775 976 832 etcommo
1012 782 1038 833 ὀ
1073 793 1139 835 ec-

120 864 187 931 qsm
209 844 309 909 exit.
358 842 430 926 (Ob
453 855 598 909 menum
633 846 776 934 Scaliger
801 850 900 932 velie,
929 853 1032 919 Gerh.
1054 856 1139 921 Vos-

112 928 167 1011 'iua
182 951 250 994 reae
274 929 426 1012 omittit.)
446 928 550 996 idest
570 928 608 994 in
622 942 690 995 tem
714 954 783 999 ore.
813 934 960 1009 Sisenna
978 938 1137 1006 Milesia-

109 1012 448 1097 matutinotanto:
471 1036 616 1079 eamus
639 1039 663 1080 u
714 1016 876 1102 ipsum:
896 1026 1058 1111 atquei
1095 1050 1137 1092 se

109 1098 312 1175 [commodo
335 1098 540 1198 deporta
564 1100 804 1187 superiore
826 1049 1135 1179 descendebat.

109 1180 256 1251 llearatio
275 1183 386 1250 obstat
402 1205 437 1249 1n
459 1184 522 1249 hac
547 1183 685 1250 ablativa
709 1182 836 1267 forma,
857 1211 964 1278 neque
987 1188 1136 1283 andagis
1224 1224 1230 1237 ·

109 1266 431 1358 &uta-..quamquam
455 1271 490 1336 in
512 1270 748 1358 scriptoribus,
786 1274 844 1359 qui
874 1297 964 1341 nunc
994 1289 1134 1363 exstant,

109 1366 176 1420 certa
198 1365 377 1421 occurrunt
399 1356 550 1445 exempla
569 1377 672 1444 pauca
694 1356 746 1423 vel
770 1357 874 1425 nulla.
918 1360 1017 1429 coni.
1041 1363 1067 1429 1.
1092 1366 1133 1430 G.

109 1440 225 1508 Vossius
242 1440 282 1506 de
297 1441 458 1530 Analogia
472 1445 513 1521 4,
530 1445 583 1507 19.

196 1560 352 1616 Palmarius
370 1562 399 1616 in
413 1562 505 1617 Plaut.
520 1561 600 1617 urin.
616 1558 700 1627 c,1‚
715 1561 741 1639 2.
767 1561 943 1619 scribendam
963 1584 1023 1622 esse
1043 1571 1132 1641 anapl-

143 1678 147 1683 -
163 1652 252 1701 eamn
266 1647 402 1701 commotio
414 1663 465 1713 eu,
481 1664 549 1716 quoe
563 1647 652 1717 cupio,
667 1647 800 1702 eueniunt.
816 1666 868 1718 pro
880 1653 1023 1706 emeda.
1057 1655 1132 1719 1101.

161 1746 267 1787 Μαι
281 1729 404 1785 correxit
424 1732 561 1786 commode.
596 1732 687 1786 Plaut.
709 1730 770 1786 Mil.
786 1731 819 1798 4,
834 1732 868 1800 t,
884 1733 928 1787 tl.
944 1736 1031 1805 vulga
1054 1737 1131 1808 lege-
1218 1732 1220 1736 ‘

127 1856 131 1861 -
158 1815 233 1871 iratur
248 1815 383 1869 muodo
396 1814 516 1884 operitur
531 1816 613 1882 foria.
631 1817 680 1871 aed
695 1816 772 1870 codd.
791 1823 820 1870 et
834 1818 899 1887 adit.
911 1818 1005 1887 princ.
1020 1836 1130 1875 naemu

158 1901 229 1966 tuas,
249 1899 323 1970 qnod
337 1899 541 1955 Lindemannus
555 1901 684 1958 restituit
721 1900 908 1957 schwartzius
922 1902 951 1957 in
972 1904 1130 1961 'l‘nrsellina

109 2024 136 2049 ...,
150 1984 413 2057 scriptiuncula.

128 2098 132 2105 “
183 2089 325 2145 unatim
348 2087 384 2141 ad
405 2086 463 2143 cic.
486 2087 573 2156 Epist.
589 2087 621 2153 l,
636 2087 661 2141 1.
691 2089 788 2157 ,μα
809 2087 941 2143 commodo
960 2104 1016 2143 resa
1036 2086 1130 2158 'secem

152 2176 237 2244 possis.
264 2174 397 2227 commodo
415 2173 505 2241 inquit
525 2191 575 2241 pro
598 2175 729 2225 commode
751 2173 863 2240 antique
882 2172 1001 2228 dictumr
1024 2174 1128 2244 inquo

149 2258 305 2313 dubitatum
326 2274 343 2311 a
364 2257 501 2310 nonnullis
515 2257 617 2322 miror,
635 2257 713 2325 quasi
734 2257 865 2329 commodo
887 2257 1049 2311 adverbium
1069 2274 1129 2311 esse

155 2342 320 2413 stupescit:
337 2341 391 2394 nisi
404 2341 523 2410 diligens
548 2339 720 2410 antiquitatis
739 2342 901 2394 observator
923 2342 1064 2395 Charisius
1080 2341 1129 2395 ad·

157 2427 327 2494 markoet,
348 2425 474 2507 (laesuris
496 2431 589 2479 tamen
616 2427 651 2480 ad
681 2426 842 2480 Ciceronem
864 2425 981 2495 epistola
1008 2425 1127 2480 doceret.

156 2510 232 2578 osani
249 2511 396 2578 Furnium,
414 2510 520 2580 inquit,
538 2519 658 2565 ucatmm
678 2517 783 2564 tautum
803 2510 941 2577 uidissem,
960 2527 1042 2580 neque
1060 2511 1129 2564 ulia

153 2599 207 2667 qai,
224 2612 311 2666 oeque
324 2598 417 2649 audire
433 2613 474 2650 me
490 2597 621 2671 commodo
632 2587 797 2666 petuisset.“
829 2587 866 2650 lt
880 2595 910 2648 in
925 2593 980 2648 lroc
1001 2596 1062 2649 loca
1078 2594 1129 2662 (ad

150 2679 202 2736 aa·
213 2680 250 2747 9,
266 2679 309 2748 t.)
326 2680 429 2750 legitur
447 2698 504 2734 uteo
526 2682 673 2734 commodo.-
699 2679 729 2733 in
752 2680 802 2734 illo
823 2686 954 2749 qnantum
975 2679 1129 2746 discrepent

150 2764 228 2833 libri,
258 2770 372 2820 constat.
415 2764 471 2819 lut
494 2766 625 2819 commode
649 2765 823 2818 scribendum
847 2771 905 2832 est,
930 2768 977 2817 aut
996 2763 1128 2817 commodo

150 2853 211 2921 reip.
232 2854 266 2905 nt
288 2840 402 2903 exiribct
423 2849 488 2902 edit.
510 2867 578 2904 rom.
613 2850 693 2917 Quod
708 2851 869 2903 incommodo
884 2849 913 2901 in
931 2849 1018 2901 Bruto
1034 2840 1127 2911 4,·17.

150 2938 326 3004 sumperunt,
345 2933 429 2988 aliam
446 2934 532 2987 habet
544 2951 669 2988 caussam
683 2934 711 2987 in
725 2934 907 3003 praecedente
922 2939 968 2983 tuo
986 2929 1128 2984 commodo.

148 3019 244 3073 Restat
258 3017 362 3089 igitur,
382 3018 454 3090 quod
473 3019 502 3071 in
526 3018 649 3072 Senecae
662 3018 749 3087 Epist.
764 3016 814 3084 to,
830 3015 872 3069 16.
891 3013 1012 3084 legitura
1034 3029 1126 3084 quum·

150 3122 197 3175 que
210 3104 345 3157 commodo
359 3105 427 3158 mori
441 3122 494 3157 nou
509 3103 639 3168 licuisset,
658 3120 705 3155 uec
720 3104 756 3155 ud
777 3101 920 3156 arbitrium
936 3118 1012 3153 auum
1027 3101 1127 3151 instru-

149 3197 238 3242 neutu
260 3186 352 3259 mortis
376 3189 490 3258 eligerc:
518 3189 597 3240 obuia
619 3204 734 3257 quaeque
754 3191 908 3256 rapuerunt.
936 3183 1009 3255 qnod
1030 3198 1126 3253 qnam·

149 3290 229 3345 qnam
249 3271 388 3342 explicant
403 3274 438 3325 de
459 3272 510 3338 iis,
529 3271 627 3340 quibus
643 3272 790 3326 asservatis
811 3288 864 3324 non
879 3268 992 3325 licuerit
1005 3282 1127 3321 eommo-

149 3358 182 3411 de
197 3356 288 3421 mori,
316 3355 443 3423 equidem
465 3374 519 3408 non
539 3355 641 3420 rideo,
660 3372 709 3408 cur
731 3357 801 3408 tales
821 3353 985 3423 intelligam.
1019 3351 1127 3428 Seneca

148 3440 269 3512 loquitur
284 3447 390 3493 tanum
403 3440 437 3492 de
458 3441 615 3496 hominibus
636 3439 787 3495 vilissimae
802 3436 899 3504 sortis,
918 3438 1017 3507 quibus
1038 3435 1126 3487 desint

150 3525 308 3579 commodae
320 3524 417 3579 mortis
436 3525 507 3579 viae.
543 3527 604 3592 Quo
620 3541 699 3578 sensu
712 3542 792 3577 nemo
816 3522 886 3576 alins
904 3522 972 3576 dixit
994 3519 1125 3576 commodo

148 3628 196 3681 pro
210 3600 352 3665 munterte.
388 3610 467 3664 Cani.
483 3611 630 3664 Kellmann
644 3610 680 3662 ad
693 3609 802 3663 Noltan.
818 3625 844 3675 p.
858 3605 935 3661 2154.

162 3762 217 3828 Ill.
242 3763 425 3830 Commode
438 3771 570 3851 praeter
585 3785 638 3826 eas
654 3760 924 3850 significationes,
947 3778 1026 3843 quas
1049 3775 1125 3820 cum

109 3842 236 3915 tdiectivo
255 3871 450 3915 communes
468 3847 584 3929 habet,
609 3848 708 3912 etiam
729 3849 865 3936 ponitur
888 3855 1028 3929 utroque
1049 3864 1125 3904 mo-

109 3927 149 4015 lo,
165 3934 233 4021 quo
250 3926 465 4002 commodum
480 3944 658 4021 usurpatur
674 3933 716 3998 da
733 3944 904 4016 tempore,
924 3939 1024 4013 atque
1043 3927 1124 3990 adeo

109 4022 292 4119 Mponitnr
307 4020 454 4088 formula
470 4020 642 4084 commode
655 4042 766 4108 quum,
787 4017 917 4081 Tamen
931 4032 1125 4099 numquam,

109 4105 281 4192 unietur,
301 4122 322 4175 a·
344 4109 505 4174 Cicerone
520 4116 654 4181 oratore
668 4106 795 4173 dictum
810 4112 868 4169 est.
