2618 4770
505 253 507 266 ¹
542 294 615 362 nx.
1026 302 1099 366 sess

121 457 223 511 vellent.
258 454 334 508 irael.
347 451 389 517 18,
398 450 442 505 dd.
462 468 494 506 ec
505 469 535 506 eo
542 453 608 520 fleri
616 490 623 516 ‚
641 459 671 505 nt
683 438 851 506 mulierculae
864 453 956 532 magis
968 454 1101 508 amicitia·
1116 433 1124 447 ’

124 559 182 594 cnm
189 543 325 610 praesidia
338 545 476 608 quaeram.
511 538 635 590 lanciunt.
644 537 669 602 1,
684 537 749 601 9,(1.
770 556 858 607 capno
867 541 913 604 fit,
929 539 1017 589 atille
1031 540 1102 592 solos

82 645 90 671 s
120 628 163 679 sir
176 627 259 690 fortis
275 626 368 677 deleat
384 622 500 675 indicari
515 628 567 675 etc.
604 621 660 674 cic.
678 622 711 673 de
727 623 788 674 Fin.
802 623 827 688 2,
843 619 924 688 5,15.
946 639 960 673 e
975 640 1025 690 pno
1040 626 1102 690 effl-

122 711 208 772 citur,
226 727 279 760 non
294 717 324 760 nt
339 708 657 777 nosnonintelligamus‚
674 725 740 774 qnae
756 709 794 759 ois
808 707 844 759 sit
861 708 935 758 istius
949 709 1037 772 certi,
1056 709 1102 761 sed

121 801 153 846 nt
173 794 218 845 ille
231 812 277 845 sno
297 810 368 844 moro
391 790 529 859 loquatur,
556 800 674 844 nostram
691 792 835 859 intelligat.
870 790 919 841 ubi
941 794 1103 844 contendere

123 894 204 932 ausus
215 884 254 929 est
270 876 438 930 Goerenzius
457 876 619 930 Ciceronem
631 894 740 945 semper
753 875 853 927 dixisse
870 892 901 926 ec
914 893 962 943 pao
977 879 1102 943 efficitur,

123 980 177 1014 non
194 979 207 1012 e
223 979 278 1029 pao.
314 961 420 1014 Vitruv.
439 960 464 1024 1,
483 959 508 1025 1,
525 954 550 1013 4.
569 962 660 1014 circini
678 962 869 1023 traditiosam,
895 977 909 1009 0
925 978 974 1026 qno
992 961 1104 1013 manime

117 1048 229 1114 facilius
246 1043 425 1110 aedificiorum
442 1047 470 1097 in
488 1047 557 1099 areis
573 1048 746 1116 expediantur
760 1044 944 1111 descriptiones

160 1149 217 1201 Cic.
237 1147 270 1198 de
292 1147 359 1215 Leg.
378 1148 403 1212 1,
425 1147 450 1212 8,
472 1147 514 1201 24.
547 1167 578 1200 cc
602 1167 651 1217 qno
675 1165 734 1200 oere
755 1149 796 1199 cel
817 1146 929 1215 agnatio
951 1147 1024 1198 nodis
1047 1165 1104 1200 cum
1196 1196 1198 1205 ,

52 1252 54 1256 ’
123 1233 275 1286 coelestibus
296 1235 338 1284 ccl
358 1248 443 1301 genno
468 1234 509 1286 oel
523 1235 603 1302 stirps
624 1234 757 1301 oppilari
777 1238 870 1301 potest.
897 1229 915 1282 i.
939 1247 963 1282 e.
986 1229 1048 1282 inde
1063 1232 1104 1294 fit,

58 1305 60 1311 .
101 1315 155 1371 *ut
171 1315 307 1385 appellari
322 1315 415 1385 possit.
452 1318 530 1385 Quae
545 1335 599 1370 uon
619 1317 740 1369 eiusdem
761 1321 822 1369 sunt
843 1314 952 1382 generis
970 1331 1032 1365 cum
1048 1316 1105 1366 lor-

124 1402 205 1453 mulis
228 1403 362 1453 nominari
385 1420 415 1454 en
436 1404 527 1470 aliqua
549 1419 592 1465 re,
622 1401 675 1453 dici
697 1418 727 1452 ec
745 1401 840 1468 aliquo.
864 1400 908 1451 vd.
933 1416 959 1451 n.
981 1399 1023 1452 18.
1058 1400 1106 1452 sed

126 1484 282 1552 comparari
304 1492 414 1552 possunt
436 1505 497 1538 cum
518 1485 562 1537 his
587 1487 621 1538 ob
646 1485 813 1538 brevitatem
837 1483 960 1548 dicendi,
996 1485 1029 1535 dc
1054 1501 1108 1552 qun

126 1572 272 1638 Wopkens.
288 1571 364 1623 Lect.
380 1589 406 1639 p.
423 1571 474 1624 122
490 1571 562 1638 (112).
584 1570 724 1622 (teutria.
741 1570 765 1634 1,
783 1567 825 1632 25,
841 1567 885 1621 53.
912 1571 1001 1636 quinto
1019 1578 1107 1644 autern
1182 1614 1185 1621 .

126 1673 196 1709 anno
221 1664 329 1707 creante
350 1684 384 1696 -
404 1656 578 1725 proeliantem
602 1672 660 1707 suns
687 1655 723 1708 ad
745 1655 890 1720 Syracusas
913 1655 1050 1705 occidisses
1076 1671 1108 1706 en
1190 1692 1192 1705 .

130 1759 179 1810 quo
194 1741 235 1792 ita
251 1741 318 1791 illud
334 1741 463 1793 somnium
481 1759 535 1793 esse
553 1741 763 1808 interpretatum.
806 1737 873 1788 Esse
893 1743 982 1804 potest
1005 1745 1033 1790 et
1055 1756 1105 1806 quo

129 1829 245 1893 sactoet
261 1827 297 1877 ad
316 1827 395 1878 haine
410 1826 450 1878 rei
464 1827 607 1878 rationem:
637 1824 694 1875 dem
706 1825 818 1892 gcmdss.
847 1821 880 1872 de
895 1819 949 1872 Off.
965 1821 1044 1885 1,16,
1061 1819 1106 1873 52.

131 1928 162 1964 00
191 1930 238 1979 pao
266 1918 328 1963 sant
356 1912 405 1965 illa
437 1911 593 1963 communia.
648 1906 711 1960 Atia
735 1906 798 1957 vide
822 1906 893 1975 opud
916 1904 1048 1958 Beierum
1071 1903 1107 1956 ed
1195 1952 1197 1958 .

130 1995 157 2062 1,
173 1997 215 2060 lii,
231 1995 274 2048 51.

167 2098 224 2149 Cic.
233 2097 318 2149 Acad.
333 2097 358 2160 1,
372 2096 414 2158 11,
424 2095 466 2147 42.
484 2113 498 2147 e
514 2094 606 2162 quibas
619 2111 673 2146 non
684 2088 822 2161 principia
833 2094 923 2154 solnm,
939 2092 984 2142 scd
999 2092 1130 2144 latiores*

130 2184 262 2251 quaedam
287 2181 323 2231 ad
348 2181 476 2230 rationem
500 2164 684 2232 inveniendam
709 2178 768 2228 ciac
786 2167 963 2244 reperiantur.
998 2176 1109 2228 Sallust.

134 2267 194 2332 lug.
214 2263 257 2327 111,
280 2263 305 2314 2.
332 2280 362 2313 00
380 2280 429 2329 pao
452 2263 493 2313 illi
512 2262 602 2330 gloria
621 2280 728 2330 opesque
741 2263 872 2313 inventae.
907 2259 1108 2324 01010011,

133 2351 176 2413 11,
192 2347 234 2399 42.
255 2365 268 2398 0
283 2365 332 2414 pno
346 2347 555 2398 sensibus-etiam
565 2348 652 2413 sedern
667 2349 808 2400 tribuebat.

148 2470 201 2531 44.
233 2467 306 2545 Qun
329 2463 513 2528 rationein
535 2464 732 2537 dictionibus
749 2487 818 2528 non
837 2464 949 2551 paucis
974 2482 1014 2527 en
1036 2473 1068 2527 et
1087 2485 1111 2528 a

67 2553 266 2620 commutari
300 2549 446 2636 possint,
492 2572 533 2613 ex
567 2551 713 2634 ipsarum
741 2552 987 2636 comparatione
1015 2547 1111 2613 facile

68 2641 242 2724 colligitur.
271 2639 423 2700 Attamen
443 2657 483 2698 ex
500 2658 680 2722 numquam
699 2637 783 2723 opud
802 2639 953 2722 antiquos
971 2634 1112 2721 scripto-

67 2751 118 2793 res
149 2748 211 2811 pro
238 2745 261 2785 a
286 2722 445 2808 ponitur„
475 2731 512 2783 ut
537 2723 658 2786 indicet
683 2747 751 2787 rens
782 2724 820 2785 nb
844 2724 952 2807 aliquo
977 2719 1112 2784 homine

67 2813 203 2877 fictam:
235 2829 436 2894 quamquem
461 2807 595 2885 Graeci,
630 2819 717 2872 certe
740 2809 927 2872 Herodotus
946 2828 1015 2869 non
1035 2827 1112 2870 raro

68 2901 101 2963 ἐκ
129 2895 327 2982 usurpabunt
351 2915 414 2978 pro
442 2888 522 2955 dni:
566 2891 607 2957 cf.
632 2895 808 2977 Heindorf.
842 2894 880 2958 ad
905 2892 985 2956 Plnt.
1009 2893 1112 2977 Gorg.

70 3005 104 3070 p·
132 2985 203 3044 181·
236 2977 419 3049 Bernhttrdi
451 2977 697 3077 Synla·p3228.
730 2991 762 3042 et
787 2979 893 3042 Latini
916 2980 1113 3041 recentiores

68 3091 109 3131 ecc
126 3066 249 3152 atiquo,
267 3087 329 3150 pro
348 3087 371 3128 a
384 3073 487 3149 parte
504 3060 659 3140 alicuius,
681 3067 779 3130 etiam
797 3086 872 3130 oum
883 3063 990 3132 sorbis
1006 3063 1113 3151 passi-
1147 3110 1153 3121 .

69 3153 117 3222 vis
141 3151 393 3236 coniungebnut.
827 3156 828 3159 ¹
896 3166 903 3177 .
994 3171 997 3174 ⁴

122 3270 125 3281 ¹
173 3269 303 3338 Quinctil.
318 3269 343 3335 6,
358 3269 440 3334 1,41.
468 3258 639 3338 lsrricpoer,¹
658 3269 834 3338 poemenius
854 3270 1026 3340 productum,
1050 3269 1115 3338 qnid
1187 3318 1189 3323 .

134 3360 226 3424 fleret,
252 3355 449 3423 interrogabat,
479 3371 509 3407 en
522 3356 682 3424 paedagogo
696 3373 722 3407 se
735 3355 854 3407 vellicari
868 3357 1009 3423 respondit.
1047 3355 1116 3407 Ges-

134 3447 221 3492 ‘uerus
246 3437 380 3506 puerilem
403 3438 589 3506 loquutionem
618 3455 676 3490 esse
700 3439 820 3506 putabat.
855 3439 949 3492 'Nunc
972 3439 1114 3506 Zumptius
1167 3441 1169 3448 ’

139 3540 223 3593 quum
244 3521 271 3574 in
292 3521 385 3572 codice
410 3525 496 3575 ambr.
519 3529 672 3574 correctum
687 3523 816 3588 vidisset,
831 3522 951 3592 'recepit
973 3542 990 3574 a
1010 3525 1115 3592 paeda-

139 3604 226 3695 ‘ppos
263 3605 307 3658 cui
329 3604 440 3673 antiqua
462 3593 610 3660 auctoritas
632 3608 726 3658 deesse
752 3607 868 3661 videtur.
915 3605 1050 3675 Equidem
1075 3607 1116 3660 itu

141 3692 248 3760 uccipio
265 3692 367 3742 verbe:
394 3695 611 3761 expandagogos
638 3710 664 3744 se
678 3680 803 3744 vellicari]
828 3692 847 3744 i.
871 3709 895 3746 c.
921 3684 1061 3758 respondit
1085 3708 1117 3743 en

115 3796 119 3805 ’
140 3780 302 3848 paedagogo
318 3792 344 3826 se
356 3775 462 3838 timere,
484 3775 542 3826 sive
558 3776 640 3828 etiarn
659 3793 685 3828 se
697 3779 773 3842 flere.
807 3775 1041 3844 Quemadmodum
1055 3791 1117 3826 sae-

63 3880 64 3884 *
140 3862 252 3931 pissime
268 3859 367 3911 dicitur
383 3876 413 3910 cc
428 3860 671 3927 aliqnarctimere.
698 3859 753 3912 vid.
770 3877 796 3926 p.
809 3858 869 3914 637.
903 3860 978 3910 Flor.
994 3857 1075 3922 3,16,
1090 3856 1117 3911 4.

141 3949 170 3999 in
185 3965 213 3999 eo
228 3945 341 3998 tumulto
356 3961 410 3995 rens
424 3960 454 3994 ec
469 3945 625 3996 satellitibus
646 3945 699 3996 sais
711 3950 745 3996 'se
767 3946 928 4012 appellatam
944 3944 1029 3994 lactas
1044 3957 1118 3994 0000·

139 4033 190 4102 pit.
232 4031 368 4082 Gesnerus
392 4028 479 4080 heco:
508 4026 580 4080 inter
597 4026 727 4080 satellites
748 4027 848 4090 tuisse,
875 4025 921 4094 qui
937 4025 1015 4076 illum
1034 4022 1118 4092 primi

143 4131 239 4185 regem
254 4115 440 4184 appellerent,
457 4119 488 4170 ut
502 4115 573 4168 eden
587 4129 621 4167 ex
634 4111 691 4191 illis
707 4117 797 4168 ortum
814 4110 851 4170 sit
866 4109 975 4165 initium
993 4109 1117 4166 cinerei.
