2618 4770
529 267 640 336 nTst.
826 215 828 220 ¹
950 296 970 379 ',
1039 277 1101 339 eos
1201 252 1209 266 '

57 427 177 514 quibus
195 427 302 491 etiam
319 427 358 491 ad
374 396 678 491 alteminorutionis
694 432 823 511 partem
841 425 1102 492 confirmandum

56 515 214 604 pertinet.
266 514 314 576 Itu
340 514 403 576 etei
426 512 532 576 etiam
558 510 693 605 dicitur,
736 519 773 571 ut
800 510 905 572 etiam
932 513 973 575 ad
997 535 1116 595 unum,

59 599 197 694 aliquod
214 597 427 678 vocabulum,
450 595 540 682 quod
558 603 723 682 sequitur,
742 593 914 659 referatur.
1012 618 1015 624 ·
1061 648 1064 655 ,

163 732 221 785 cte.
238 733 312 785 Orat.
328 731 371 796 44,
388 727 447 784 151.
476 732 505 782 in
521 748 570 798 quo
584 710 692 797 dilidam
708 729 902 800 ilzeopompam
917 732 998 783 ctiam
1014 751 1104 802 repre-

124 817 252 880 hendunt,
273 817 342 884 quod
351 833 396 868 eae
410 817 512 867 litteras
526 820 601 865 tanto
612 831 689 882 opere
697 814 821 882 sugerit,
840 816 888 867 olei
896 816 963 869 idem
974 819 1105 886 magister

128 901 184 954 eius
200 900 335 955 Isocraten.
369 900 413 951 lta
428 897 501 949 enim
515 897 644 949 meliores
661 897 735 950 iibri.
790 922 793 929 ·

161 1002 251 1058 Pluut.
269 990 346 1053 Trin.
364 998 390 1065 5,
413 1000 440 1066 2,
461 990 504 1057 59⁴.
538 1017 582 1052 cu.
618 999 692 1052 Haec
712 999 762 1051 tili
778 990 894 1068 pactast
910 1002 1013 1054 Callicli
1029 1005 1103 1072 filia.

127 1105 173 1140 nt.
198 1088 266 1156 Ego
276 1087 385 1151 ducam,
409 1091 503 1153 pater.-
526 1084 607 1135 etium
621 1084 670 1135 etsi
684 1101 761 1154 quant
776 1085 858 1137 aliam
873 1087 980 1139 iubebis.
1014 1086 1103 1156 Vulgo

127 1170 257 1222 scribitur
275 1171 354 1222 etiam
376 1176 401 1223 et
422 1170 460 1221 ti:
487 1168 557 1237 quod
572 1185 605 1219 ne
621 1169 772 1220 referamus
788 1168 822 1219 ad
842 1184 890 1234 eu,
917 1186 1028 1238 quaep.
1043 1170 1104 1228 524.

127 1254 304 1327 protulimus,
324 1253 384 1324 ipsu
398 1255 546 1306 verborum
562 1252 721 1321 compositio
737 1258 837 1304 monet.
867 1253 902 1306 ci.
917 1271 942 1306 n.
957 1253 999 1309 13.

93 1408 106 1417 q
164 1355 221 1408 Cic.
238 1358 318 1408 Brut.
337 1355 379 1421 tt,
395 1356 455 1408 238.
480 1357 521 1407 tic
534 1353 583 1407 etei
597 1356 677 1406 etiam
691 1355 720 1406 in
733 1356 844 1423 publicis
858 1357 956 1408 caussis
968 1358 1103 1425 prolala-

130 1446 189 1506 tur,
209 1449 298 1493 tamen
313 1442 342 1494 in
355 1440 470 1510 privatis
485 1441 654 1492 illustriorem
668 1440 802 1492 obtinebat
815 1442 907 1493 locum.

144 1576 176 1640 5.
206 1577 293 1641 Haec
319 1577 428 1639 omnia
453 1575 640 1639 communia
663 1585 739 1639 sunt
756 1575 856 1639 verbo
873 1577 1021 1646 etiamsi.
1061 1580 1106 1643 At

57 1657 168 1724 verbis
201 1662 265 1729 etri
296 1673 327 1724 ct
356 1683 559 1748 quamquam
592 1661 765 1749 propriam
796 1671 892 1747 atque
924 1662 1105 1729 admodum

58 1767 170 1810 raram
186 1744 330 1810 formam
354 1750 422 1810 esse
447 1757 563 1834 putant
580 1746 804 1830 grammatici,
836 1769 898 1831 qua
915 1759 1105 1835 opponatur

61 1829 124 1893 aed
146 1842 176 1894 et
200 1832 260 1895 sed
285 1845 410 1896 tamen.
466 1833 501 1895 ln
521 1853 585 1916 quo
605 1830 696 1894 valde
713 1829 794 1894 mihi
812 1833 962 1895 videntur
983 1855 1104 1905 errare.

62 1916 149 1979 Nam
163 1917 241 1996 sed,
264 1918 351 2003 quod
369 1919 544 1982 sententias
561 1915 714 1992 accludit,
733 1939 791 1980 nec
807 1927 915 2001 potest
930 1916 979 1980 his
997 1919 1103 1987 verbis

63 2003 201 2086 opponi,
218 2025 323 2087 neque
335 2025 494 2088 umquam
510 2003 548 2064 iis
559 2002 760 2088 ‚respondete
780 2012 812 2064 et
825 2002 878 2066 ubi
894 2003 959 2066 hoe
972 2002 1041 2067 fieri
1056 2004 1105 2071 ilii

62 2087 270 2165 existimant,
300 2089 365 2153 etsi
387 2099 419 2152 et
442 2106 623 2177 qnamqnm
643 2082 819 2148 adhaerent
839 2090 1113 2166 antecedentibus¹
1183 2165 1186 2170 ,

62 2183 117 2242 attt
134 2173 173 2234 ad
198 2196 235 2235 eo
250 2174 446 2258 respiciunt,
477 2181 508 2232 et
524 2191 583 2254 per
599 2170 794 2235 vocabulum
810 2171 870 2234 ced
883 2174 1103 2261 'novaihoipi-

60 2257 308 2331 turscntentta.
353 2255 403 2320 Ci.
429 2271 639 2331 QVAMQVAM.
696 2255 798 2340 Aliter
823 2278 857 2318 sc
880 2279 930 2320 res
950 2255 1049 2322 habet
1068 2260 1110 2323 in·

60 2342 168 2414 verbis
194 2353 455 2419 cerumtamen,
473 2361 555 2425 quaa
583 2349 668 2402 recte
688 2351 920 2426 opponuntur,
949 2353 1104 2428 utsupra

62 2427 216 2490 vidimus.
267 2427 351 2490 Num
384 2423 496 2489 rerum
527 2422 880 2489 addit-affirmationis
913 2426 1103 2495 auctarium.

61 2511 274 2596 Quamquam
289 2521 366 2582 sunt
384 2511 499 2593 etiam,
535 2509 569 2585 in
592 2509 709 2603 quibus
734 2524 963 2583 verumtamen
984 2535 1044 2599 per
1068 2536 1104 2578 se

61 2605 200 2668 constet,
888 2603 909 2618 ''

163 2730 244 2797 Loci,
270 2748 336 2800 quor
354 2704 485 2799 efferunt,
511 2732 551 2786 itu
567 2737 627 2785 sunt
638 2731 837 2786 constituendi:
863 2732 921 2788 cic.
937 2735 971 2790 ud
986 2734 1114 2802 Fam-i),¹

129 2815 231 2882 16,11,
255 2819 420 2886 quamobrem
448 2820 578 2870 Oenomao
600 2825 644 2870 tuo
660 2819 736 2870 nihil
760 2826 845 2882 utare·
860 2820 1031 2888 etsipoeuisti
1048 2822 1103 2873 loca
1143 2816 1146 2820 ⁵
1205 2830 1209 2847 '

130 2919 220 2954 versuo
236 2905 363 2955 aerianos.
405 2905 458 2954 Sed
472 2920 537 2971 quoe
551 2909 589 2953 est
602 2903 728 2954 inuidia?
753 2900 778 2966 9,
793 2900 818 2965 6,
832 2901 857 2954 2.
880 2905 916 2954 eia
939 2905 1006 2956 enim
1024 2906 1115 2978 color,

128 2988 165 3039 ric
179 2989 299 3039 observor
316 2988 348 3038 al
364 2988 483 3042 omnibus
496 2988 544 3051 iis,
573 2988 617 3056 qui
633 3006 650 3037 a
668 2989 780 3038 Caesare
795 2988 959 3056 diliguntur,
977 2997 1007 3042 ut
1021 2991 1054 3042 al
1070 2991 1104 3043 iia

61 3117 64 3122 .
126 3088 167 3122 ene
183 3072 271 3123 amari
284 3078 381 3141 putem,
416 3070 485 3121 Nam
502 3071 551 3121 etsi
564 3088 617 3126 non
625 3071 709 3134 facile
725 3071 885 3124 diiudicatur
899 3090 973 3125 amar
986 3090 1062 3124 verus
1077 3078 1103 3126 ct

123 3158 223 3229 fictus,
249 3144 302 3206 niti
316 3155 424 3221 aliquod
439 3155 539 3206 incidat
556 3154 682 3205 eiusmodi
697 3160 815 3222 tempus,
839 3163 885 3220 ut,
916 3157 991 3224 quari
1008 3173 1103 3212 aurunt

127 3240 196 3308 igni,
214 3239 251 3289 nic
266 3239 442 3296 benevolentia
446 3239 538 3305 fidelia
550 3239 667 3308 periculo
681 3239 769 3313 aliquo
782 3240 896 3307 perspici
908 3241 999 3308 poerit,
1016 3248 1102 3294 cetera

130 3330 193 3375 runt
208 3325 461 3392 nigromantiam,
487 3325 533 3376 red
548 3341 598 3392 ego.
613 3341 664 3381 nno
678 3330 739 3374 utor
755 3333 912 3392 argumento
929 3331 979 3378 etc.
1014 3325 1101 3378 Prae«

129 3423 247 3475 propere
267 3406 422 3460 coniectura
440 3406 597 3476 Madvigius
612 3408 784 3460 scribendum
801 3408 904 3460 censuit
920 3409 1038 3473 tametsi,
1058 3407 1102 3461 id·-

130 3505 183 3556 que
210 3491 244 3548 ab
270 3491 374 3549 Orellio
395 3493 462 3544 adeo
484 3499 625 3560 receptum
649 3492 737 3545 rideo.
781 3491 921 3552 Sententia
942 3510 1025 3558 vero,
1048 3511 1101 3561 qun

131 3573 229 3626 Cicero
245 3580 406 3642 argumenta
422 3576 554 3642 opinionis
570 3594 635 3629 eune
654 3576 779 3648 exponit,
804 3577 874 3634 haec
889 3582 947 3630 ectr
971 3596 1034 3636 nani
1052 3579 1103 3631 etei
1152 3588 1154 3591 '

128 3657 158 3712 in
180 3659 349 3710 diiudicanda
370 3677 459 3714 amore
479 3679 539 3714 vero
563 3663 669 3731 aliquod
690 3670 791 3733 tempus
811 3662 968 3731 requiritur,
1003 3663 1102 3716 adeunt

128 3748 219 3793 tamen
233 3741 402 3808 documenta,
430 3751 455 3797 et
469 3747 570 3813 quidem
585 3754 671 3798 cetera
684 3746 830 3804 eommunia
843 3748 939 3817 rigna,
960 3747 1005 3797 sed
1020 3762 1101 3813 prae*

131 3827 219 3878 sertim
235 3845 284 3895 pun
297 3827 438 3895 ipreutor,
455 3846 535 3888 unum
552 3836 746 3900 argumentum,
781 3830 815 3883 ad
829 3832 885 3887 An.
895 3828 919 3894 6,
928 3829 953 3881 T.
977 3830 1102 3883 Rhodum
1133 3855 1144 3863 ·

131 3912 189 3964 nalo
208 3925 349 3978 puerorum
372 3930 479 3965 canera:
509 3909 570 3964 inde
591 3932 669 3983 quant
688 3906 804 3984 parinum
823 3917 958 3968 Athenon:
983 3915 1032 3964 etsi
1048 3920 1101 3964 ete-

12 4035 22 4056 ,
128 3997 184 4048 niae
200 3995 278 4047 ualde
292 3999 398 4064 reflant.
444 3999 497 4050 Sed
507 3999 588 4065 plane
603 4001 661 4051 nolo
675 4000 716 4053 irie
729 4001 939 4072 magistratibus.
975 3998 1009 4049 ad
1023 3999 1101 4054 Fum-

115 4079 173 4144 ἰε
190 4079 232 4148 1⁰,
247 4079 291 4137 lt.
306 4082 374 4155 qut
386 4099 436 4152 ega
449 4083 490 4139 to
505 4081 599 4142 triton
613 4085 815 4157 efficaciam
833 4085 882 4144 on
897 4084 926 4140 a
939 4070 998 4157 ipa
1009 4099 1059 4158 per
1074 4080 1119 4141 a·
