2618 4770
578 254 650 343 ΒΕ·
1075 269 1140 333 aas
1188 358 1190 369 Ι

130 450 141 465 -.
160 409 200 465 tle.
234 406 430 476 ermengaudo
444 408 606 463 snutrerba
623 409 768 462 disserebat
779 427 829 464 tue
846 413 991 479 modestia,
1015 416 1138 473 etintel·
1226 419 1229 428 '

139 494 262 565 'ligem
283 500 326 547 ert
347 493 483 557 modestia
504 493 555 546 illa
583 495 674 559 falsa,
698 511 770 563 quae
793 496 908 550 Tiberio
927 499 1042 566 propria
1062 509 1137 557 erate

95 624 99 645 ,
158 581 202 632 nit
224 580 273 632 der
297 578 355 631 rbus
381 580 492 649 eigeoen
514 580 737 632 Besebeidenbeit.
780 580 954 635 incultioris
977 585 1137 656 designatur

159 663 289 733 positione
305 664 491 731 pronominis:
511 682 596 733 quare
610 664 794 732 interpunctio
809 666 974 737 corrigenda
987 675 1037 723 est.

96 794 105 837 ς.
184 766 243 820 cic.
264 767 347 819 Tuae.
363 765 398 831 2,
416 765 450 831 0,
468 766 511 820 15.
536 769 653 837 primam
676 770 764 838 igitur
786 771 819 821 de
837 772 1017 825 imbecillitate
1037 775 1134 826 multe-

158 870 207 905 mrr
221 860 248 904 et
266 855 402 905 decuriis
424 853 571 925 disciplinis
588 854 805 921 pbilosophorum
827 855 929 923 loquar.
964 858 1078 910 Wollins
1092 859 1136 911 iu·

96 934 101 1015 2
153 937 333 1003 terpuugendo
357 937 498 990 constitnit
514 939 588 989 hunc
611 923 736 992 sensum:
764 939 862 1006 loquar
884 941 918 992 de
942 941 1133 997 imbecillitate
1211 968 1213 973 ·

96 1022 294 1099 ,ξ’-1111011111
309 1020 556 1089 philosophorum,
576 1022 623 1089 qui
646 1027 724 1074 erant
740 1023 774 1074 de
791 1022 877 1074 uariis
898 1025 1061 1093 disciplinis.
1095 1029 1132 1081 ut

96 1104 277 1199 'p'1„llrellius,
299 1105 322 1158 si
343 1107 471 1173 quianon
487 1106 666 1170 assentiatur,
688 1094 750 1158 euiir
766 1102 877 1174 prorsus
891 1110 997 1162 ratione
1017 1110 1131 1166 destitu-

96 1196 202 1265 ipsun
224 1197 327 1243 censet.
370 1191 406 1243 tt
431 1193 535 1242 vellem
560 1198 624 1244 aute
645 1192 738 1244 omnia
761 1193 986 1258 demonstrasset,
1016 1195 1129 1250 ubinam

96 1274 123 1347 'p-
148 1274 240 1327 cicero
256 1275 345 1327 verba
360 1275 544 1344 composuerit
560 1276 679 1328 in·hunc
700 1275 831 1328 modum:
852 1276 1010 1345 philosophi
1025 1279 1059 1331 de
1078 1297 1129 1332 va-

113 1357 367 1426 t'riisdiseiplinis.
404 1359 506 1426 Quidni
523 1361 571 1413 ille
586 1363 675 1413 dicut.-
696 1361 817 1428 primnm
832 1361 930 1428 loquar
950 1362 984 1412 de
1002 1362 1129 1416 imbecil-
1172 1405 1180 1411 .
1275 1354 1281 1381 ¹

125 1442 219 1521 ditate
238 1444 388 1507 multorum
402 1443 546 1496 hominum
563 1452 591 1498 et
611 1445 645 1497 de
666 1446 753 1498 variis
776 1446 926 1514 disciplinis
949 1447 1128 1516 philosopho·

96 1524 120 1603 fi
145 1527 225 1581 nn‘l
248 1528 331 1599 'Nam
345 1545 429 1597 quum
453 1529 487 1580 da
502 1529 673 1597 philosophis
690 1531 812 1584 dicturus
835 1537 923 1596 esset,
941 1532 1126 1599 agendum·ei

96 1602 249 1709 [319¹ssss
262 1612 348 1665 variis
359 1612 510 1682 disciplinis
525 1616 624 1668 horum
639 1616 875 1687 philosophormn.
911 1615 967 1669 Set
984 1624 1066 1669 antea
1081 1615 1124 1668 di-

96 1722 115 1749 ι..
146 1696 181 1751 tit
194 1696 278 1751 etiam
295 1697 329 1749 de
345 1697 442 1765 poetis.

143 1778 146 1783 Ι
177 1799 289 1854 Sueten.
306 1800 403 1853 Claud
420 1800 463 1853 43.
489 1802 571 1872 signe
593 1830 629 1842 ·-
653 1805 813 1872 paenitentis
838 1810 864 1857 et
892 1805 925 1857 de
954 1803 1124 1858 matrimonia

97 1884 308 1955 :rttptppteas
323 1887 405 1954 depae
421 1886 533 1938 Neronis
553 1887 695 1956 adoptione
709 1890 829 1941 dederat.
866 1889 944 1942 Caes.
961 1888 1004 1941 11.
1051 1942 1055 1951 ,
1081 1908 1085 1915 ’

101 1970 135 2047 11-
171 1988 259 2058 neque
275 1988 450 2056 componitur
467 2004 522 2041 non
535 2004 608 2050 rara.
644 1991 768 2044 Martial.
784 1990 810 2056 1,
825 1988 892 2056 101,
908 1989 934 2044 i.
957 1990 1000 2056 10,
1015 1987 1059 2056 68,
1074 1987 1102 2044 3.
1188 1992 1191 1997 ’

103 2064 148 2103 'lit'i

100 2112 194 2209 [³:41⁰.
207 2123 370 2212 Dequein
380 2123 525 2190 formula
539 2126 776 2214 susquedeque
792 2127 864 2193 fere
881 2149 997 2192 omnes
1008 2150 1119 2215 gram-

97 2210 180 2277 uliai
197 2211 400 2276 decurtatam
421 2210 569 2275 formam
592 2213 682 2277 verbi
708 2214 866 2277 deorsum
888 2236 957 2278 esse
980 2223 1115 2299 putante

97 2296 162 2381 ttius
180 2298 230 2363 rei
261 2298 351 2361 nulla
373 2307 514 2384 apparet
536 2298 635 2361 ratio.
680 2298 744 2362 Sue
770 2301 859 2363 enim
886 2321 957 2363 non
980 2298 1118 2385 ponitur

97 2402 259 2459 uerutum
274 2406 333 2447 seu
349 2406 500 2462 aurorem,
528 2391 563 2445 ut
581 2383 750 2448 Prisciano
773 2384 945 2450 videbatur
969 2407 1009 2471 ρ.
1021 2385 1114 2462 559„

97 2468 189 2545 adest
203 2468 408 2557 praepositio
426 2469 461 2532 in
479 2471 670 2554 compositis
688 2470 800 2535 obvia:
824 2467 982 2547 orleteile,
1004 2469 1114 2533 orroei-

97 2552 229 2639 itqeive
253 2578 292 2620 ea
314 2576 354 2619 ex
381 2553 441 2617 aab
465 2552 516 2618 vel
537 2552 614 2617 aula
639 2554 725 2620 sacta
738 2605 748 2638 ,
769 2558 836 2621 sire
881 2555 1024 2620 rimitiva
1045 2575 1114 2619 vox

97 2620 140 2721 ᾗ]
160 2640 244 2705 Hinc
264 2663 384 2727 aereque
408 2639 512 2727 deque
529 2642 664 2728 proprie
683 2641 842 2728 significat
861 2640 926 2705 deo
951 2642 1000 2704 καὶ
1022 2638 1112 2703 κάτω.

97 2720 175 2801 'plna
199 2727 345 2824 explicat
362 2725 443 2812 plus
467 2726 635 2802 minuere,
671 2729 762 2813 quod
787 2750 846 2792 cur
876 2725 1112 2812 interpretibus

97 2808 281 2899 iiplieuerrt,
319 2834 390 2874 non
421 2811 526 2875 video.
589 2813 673 2876 Nam
702 2816 825 2901 propin
853 2834 893 2877 ua
930 2822 979 2875 est
1016 2812 1109 2874 notio

98 2896 220 2963 terendi
238 2909 270 2962 et
287 2896 492 2963 detrahendi.
534 2898 638 2985 quue
653 2900 690 2962 in
709 2901 822 2963 animo
869 2897 994 2961 abuisse
1017 2895 1111 2960 ride-

97 3004 124 3047 ar
138 2985 281 3064 Gellius,
304 3005 408 3068 quum
427 2988 485 3062 10,
503 2988 556 3048 29.
573 2987 617 3047 ait
631 2981 902 3071 significationi,
927 3002 990 3067 qua
1010 2992 1047 3043 at
1070 3003 1111 3044 ue

98 3070 244 3137 diieiendo
270 3093 341 3134 rem
361 3069 520 3147 intendit,
542 3071 756 3139 contrarium
777 3081 842 3148 est,
872 3067 962 3155 quael
988 3004 1110 3131 itidqem

108 3154 264 3221 veteribus
281 3153 411 3219 dietum
430 3165 480 3218 est
502 3153 648 3241 deque.

98 3356 101 3365 ,
141 3282 175 3368 *)
196 3282 256 3348 Ex
270 3292 302 3345 et
323 3280 366 3346 de
388 3282 578 3369 saepissime
603 3289 805 3345 commutata
828 3301 896 3345 esse
919 3299 1020 3365 supra
1043 3298 1108 3339 no-

98 3366 207 3435 tllmus.
231 3367 299 3435 vid«
313 3368 495 3433 Burmann.
512 3368 553 3430 ad
572 3367 661 3431 Suet.
678 3366 777 3430 Dom.
796 3370 847 3430 10.
867 3366 907 3431 ad
919 3363 1016 3429 Ovid.
1028 3363 1107 3425 Her.

98 3450 124 3535 1,
145 3456 196 3533 06.
221 3465 253 3519 et
280 3453 321 3518 ad
347 3453 461 3539 Virgil.
491 3458 571 3520 Aen.
589 3459 624 3532 3,
645 3458 718 3516 602.
749 3453 841 3516 corr.
867 3450 907 3517 a'd
930 3452 1052 3516 Lucan.
1076 3453 1105 3524 1,
1185 3472 1188 3477 ’

98 3528 135 3604 tt
152 3544 192 3620 r,
206 3543 280 3604 741.
307 3538 478 3603 urerent.
498 3540 537 3603 aa
557 3534 630 3605 etv:
643 3544 705 3621 21,
721 3541 760 3622 e,
774 3541 806 3604 5.
832 3546 865 3601 er
880 3561 914 3602 a.
938 3535 1105 3603 vidum-

98 3644 171 3693 uun.
190 3626 233 3692 ad
250 3625 347 3691 Orid.
362 3625 440 3691 llcr.
456 3628 494 3710 4,
513 3628 566 3691 96.

389 3830 392 3835 ’
428 3808 716 3936 'murrina

142 4034 170 4096 1.
197 4029 336 4096 Damno
361 4028 574 4108 adverbium,
609 4028 702 4092 cuius
733 4024 927 4113 significatio
959 4046 1000 4088 ex
1030 4026 1102 4109 ipsa

99 4120 305 4201 ompositione
321 4115 534 4204 intelligitur,
566 4136 789 4202 quamquam,
816 4122 854 4175 ut
876 4130 1028 4199 graecum
1052 4109 1103 4172 lr-
