2618 4770
118 214 409 341 ω’
574 256 896 329 annaneane.

1297 370 1300 409 ι

265 425 302 492 11.
316 428 349 507 b,
368 423 420 489 18.
441 414 517 505 {ere
538 437 609 482 esee
630 412 826 504 particulam
850 414 1012 503 logicam,
1035 438 1121 505 quae
1136 438 1267 507 semper
1297 412 1300 499 ξ

223 511 383 581 iudicium
398 503 533 571 dicentis
549 502 703 567 cohibeat
722 511 778 566 aut
798 514 900 566 unam
920 503 1068 588 aliquem
1090 504 1268 569 notionem
1298 548 1300 575 ἱ

222 597 409 681 restringat.
458 586 557 669 Quod
580 608 681 674 quom
704 609 817 653 verum
839 588 898 667 eit,
929 591 1046 654 nostra
1066 589 1267 655 monstrubit

224 705 268 749 ex
291 682 402 746 coitio.
449 674 618 764 Namsere
638 672 672 737 id
688 672 829 753 indicet,
853 673 942 758 quod
961 674 997 738 in
1014 672 1115 739 rebue
1128 678 1173 738 eit
1188 697 1267 762 pro·
1298 688 1301 713 ¹

224 706 349 845 baille,
368 780 429 826 neo
452 758 595 824 refertur
613 758 745 822 'tontum
768 756 810 822 nd
835 759 1066 844 cogitationem
1089 759 1267 846 loquentis,

224 854 283 940 qui
306 850 347 915 de
364 862 430 924 'eo‚
452 843 552 930 ‘quod
575 841 647 908 fieri
671 853 726 907 eut
746 861 821 907 'esee
839 845 961 930 poenit,
984 837 1135 925 dubitet,
1157 845 1216 909 sed
1231 844 1267 911 ad

224 939 274 1005 rei
296 932 532 1000 conditionem.
584 929 632 994 En
647 926 840 993 affirmatur
863 950 951 1009 eaeo,
979 939 1011 993 et
1034 928 1213 1016 ‘colligitur
1232 952 1266 996 ex

224 1024 295 1113 ipsa
310 1044 346 1086 re
361 1019 416 1097 id,
431 1015 530 1102 'quod
545 1012 664 1079 dicitur
678 1013 849 1100 probabile
865 1023 897 1079 et
911 1015 1175 1081 cousentaneum
1194 1039 1266 1096 eoae,
1299 1066 1301 1075 .

223 1130 295 1173 uon
318 1102 449 1170 tentum
473 1099 586 1165 videri.
628 1100 742 1181 Quare
768 1115 881 1164 vereor
905 1121 948 1164 ne
968 1100 1085 1165 'omnin
1109 1101 1167 1166 ilie
1192 1123 1266 1166 eon·

223 1193 354 1270 aibant,
374 1204 461 1275 'quae
481 1187 530 1250 vir
546 1184 662 1250 doctus
687 1184 727 1249 de
752 1183 964 1250 dubitatione.
976 1185 1144 1272 loquentis
1172 1196 1208 1250 et
1229 1186 1265 1251 dc

223 1278 351 1344 minuta
375 1273 424 1338 rei
456 1271 683 1359 magnitudine
712 1278 953 1335 commentatus
980 1284 1042 1337 'est.
1100 1271 1203 1336 Nunc
1231 1272 1265 1337 dc
1299 1294 1301 1359 ς

224 1364 252 1428 ei
301 1360 473 1424 'catione
954 1376 958 1383 ’
1299 1368 1301 1387 “

253 1360 340 1527 gm‘i.
355 1454 509 1524 'Primum
532 1455 634 1540 igitur
645 1450 762 1542 ferme
777 1462 814 1519 'et
827 1448 908 1543 fere
925 1442 1090 1543 'significet
1101 1449 1264 1544 fimiter,
1298 1466 1302 1527 t

224 1544 423 1619 admodum,
441 1548 482 1606 ‘et
498 1539 587 1628 quod
599 1538 654 1603 'hia
671 1542 863 1626 proximum
879 1549 939 1619 eet,
954 1554 1138 1628 perunum,
1161 1540 1264 1618 valde,
1299 1578 1302 1623 ς

221 1634 369 1724 penitae.
400 1625 605 1713 'Comparari
622 1635 761 1708 possunt
776 1624 914 1688 latinum
928 1637 1052 1713 πεφιο,
1071 1627 1127 1691 cui
1144 1626 1263 1716 duplex
1300 1636 1302 1647 '

223 1731 274 1786 eet
292 1713 504 1803 significatio,
525 1719 558 1774 et
573 1710 818 1773 Germanorum
836 1721 936 1774 vnete
945 1750 956 1788 ‚
970 1709 1066 1800 ‚jaet
1298 1662 1302 1823 4

334 1831 457 1890 Naevius
471 1828 551 1897 'opud
572 1829 721 1880 Varronem
745 1827 771 1894 3,
786 1827 812 1883 b.
828 1828 1018 1884 'circumuenire
1035 1830 1212 1897 clucescente
1226 1831 1261 1884 ia·
1300 1834 1302 1841 '

228 1932 231 1937 ’
290 1920 372 1975 iuria.
405 1917 449 1968 ltu
459 1915 531 1967 bene
547 1904 668 1967 'restitnit
681 1930 715 1966 ex
730 1914 847 1983 quodam
864 1914 937 1967 libro
952 1913 1137 1984 Augustino„
1168 1915 1261 1984 reliqui

289 2005 385 2057 ciccum
398 2000 501 2054 uenire.-
515 1999 591 2052 ''unbo
613 2000 737 2053 lecerunt
759 2015 845 2052 eccum
864 1995 961 2051 uenire.
995 1997 1134 2051 Similiter
1154 2000 1260 2053 Terent

290 2090 361 2143 Heu.
374 2085 450 2139 Ptol.
466 2080 508 2136 43.
530 2084 854 2153 ‘circumuectaeque
888 2082 944 2138 Noe
962 2072 1104 2134 'reddimus
1125 2095 1203 2153 gana
1221 2084 1262 2136 uit

293 2170 415 2224 Uareebt.
451 2167 559 2220 Gellius
579 2164 622 2232 14,
640 2166 667 2219 2.
691 2167 738 2220 aab
761 2184 820 2219 eoae
841 2169 979 2219 constabat
1001 2161 1087 2221 airum
1111 2184 1165 2219 enee
1182 2170 1260 2234 serae

290 2258 385 2310 bouum
399 2260 526 2322 actaeque
543 2260 569 2307 et
590 2258 714 2320 expertae
726 2251 804 2318 fidei.
837 2250 895 2304 Nec
916 2248 1025 2316 dubito,
1049 2248 1115 2319 quin
1128 2252 1201 2304 haec
1222 2269 1259 2303 en-

289 2336 402 2410 plicatio
427 2342 547 2406 prneetet
568 2335 641 2404 opud
662 2335 771 2389 Lucret.
795 2328 823 2399 3,
843 2332 886 2388 bb.
911 2341 989 2404 turpe
1010 2336 1078 2387 euim
1096 2339 1185 2401 senae
1207 2353 1259 2388 eoa·

289 2429 400 2490 temptas
415 2428 440 2472 et
454 2421 523 2472 acria
537 2428 656 2489 egestae,
674 2428 772 2472 semota
792 2421 825 2472 ab
842 2420 913 2472 dulci
928 2421 985 2473 uita
1000 2420 1139 2488 stabilique
1153 2421 1257 2473 uidetur.

291 2505 350 2558 cie.
365 2505 442 2557 Vera.
459 2503 484 2567 3,
500 2502 525 2569 5,
540 2504 581 2556 10.
603 2502 665 2563 eide
681 2521 708 2556 n.
718 2503 760 2556 13.

238 2596 241 2603 ’
321 2607 412 2658 Pleut.
433 2605 510 2657 Trin.
523 2592 561 2670 ’2,
579 2595 611 2670 ’2,
636 2603 679 2658 bi.
712 2606 803 2677 edepol
826 2606 954 2659 bominem
973 2606 1161 2676 praedicatum
1180 2611 1259 2674 seme

284 2691 471 2757 familiariter.

1151 2754 1165 2781 0

324 2785 382 2844 cte.
405 2791 439 2842 de
461 2791 515 2844 Off.
539 2791 565 2856 1,
589 2792 632 2858 18,
653 2792 697 2846 ol.
730 2780 880 2848 ileclaratur
901 2801 989 2846 autem
1017 2794 1136 2845 studium
1159 2795 1259 2846 bellicae

287 2876 408 2945 gloriae,
427 2877 494 2944 quod
510 2883 614 2929 statuae
624 2895 724 2947 quequae
740 2880 855 2932 uidemus
873 2886 969 2930 ornatu
986 2879 1048 2943 fere
1065 2878 1190 2930 militari.
1210 2877 1227 2929 i.
1238 2895 1258 2929 e.

290 2961 321 3011 ia
342 2978 417 3029 gana
439 2961 626 3012 militorucuer
642 2962 748 3016 Truebt.
775 2961 809 3014 tle
824 2961 915 3014 Divin.
930 2962 955 3026 1,
970 2962 1011 3025 11,
1027 2961 1069 3014 18.
1096 2964 1166 3029 quod
1181 2967 1260 3029 serae

288 3044 377 3096 diram
404 3043 433 3096 ia
467 3051 568 3114 tempne
593 3045 708 3098 cecidere
739 3047 848 3099 latinae.
900 3046 1024 3113 intellige
1056 3047 1139 3098 valde
1174 3047 1259 3098 dirum

289 3133 405 3194 tempus.
440 3128 552 3182 Terent.
567 3130 667 3183 licent.
682 3129 708 3194 1,
723 3128 749 3195 1,
762 3128 805 3183 69.
823 3130 869 3182 ubi
883 3130 995 3199 comperi
1009 3148 1041 3182 ex
1056 3129 1105 3194 iia,
1131 3132 1259 3199 quiscere

288 3211 424 3277 eieoaeeii,
440 3213 543 3266 domum
558 3221 675 3267 revertor
686 3221 797 3268 maeatae
812 3221 889 3283 atque
903 3216 991 3268 naimo
1001 3211 1065 3284 fere
1078 3216 1241 3267 conturbato.

322 3312 353 3363 ln
369 3314 489 3367 carmine
504 3315 719 3386 Nibelungornm
732 3318 819 3369 haec:
840 3317 864 3367 ei
878 3316 1001 3386 druagca
1014 3324 1086 3368 caete
1100 3335 1156 3386 gen
1171 3319 1261 3369 eiaoa·

289 3397 337 3448 der
357 3403 384 3450 ot
405 3400 430 3449 ir
443 3401 519 3464 kraft
534 3400 576 3450 lue
592 3408 666 3453 nacte
679 3405 714 3467 us
724 3401 849 3453 achildea.
884 3407 912 3451 et
932 3400 1002 3469 apud
1017 3399 1172 3451 liutherum
1196 3403 1258 3453 blot.

289 3479 315 3544 1,
331 3480 372 3544 12,
388 3480 430 3533 lt.
447 3484 485 3534 eie
498 3500 555 3534 war
565 3486 626 3548 fact
639 3487 727 3537 echon.
760 3483 804 3548 5⁰,
820 3482 845 3534 9.
864 3484 906 3534 eia
918 3487 978 3549 suet
992 3488 1095 3553 groseea
1115 3486 1197 3538 Heer.

323 3582 386 3633 Huc
407 3581 513 3635 rationo
535 3583 697 3657 vindicanda¹
718 3591 758 3638 est
779 3585 915 3651 scripturn
937 3580 1069 3637 librorum
1088 3586 1260 3655 antiquorum

288 3664 347 3717 Liv.
363 3664 406 3733 36,
420 3665 461 3732 43,
472 3666 497 3719 i.
515 3670 603 3738 utique
619 3675 693 3740 priue
707 3669 915 3736 confligendum,
934 3687 1012 3737 paam
1028 3670 1120 3721 elaeeie
1137 3671 1260 3723 Eumenia

288 3755 314 3800 et
330 3751 452 3805 Rhodiae
472 3771 552 3805 aanee
580 3750 799 3825 coniungerentur
815 3753 950 3804 Romanis.
985 3753 1027 3805 lta
1045 3768 1155 3805 numero
1175 3757 1260 3820 ferma
1299 3822 1304 3835 ,

288 3834 402 3902 inapuree
418 3838 535 3900 saturos.
569 3839 657 3905 Ipsum
678 3837 795 3889 amnibus
816 3838 974 3904 superiorem
994 3853 1047 3888 esse
1062 3838 1199 3892 celeritate
1213 3858 1262 3891 aa·

288 3918 358 3970 oium
374 3923 399 3970 et
414 3920 544 3972 varietate
557 3922 721 3973 auxiliorum.
748 3919 767 3971 i.
786 3936 810 3971 e.
836 3935 889 3987 que
912 3919 1099 3973 coniunctione
1125 3924 1207 3988 fore,
1233 3929 1261 3976 ut

288 4000 431 4056 admodum
448 4003 566 4071 impares
587 4005 699 4071 fierent,
725 4003 847 4073 quitum
866 4022 936 4073 peno
950 4021 1032 4073 putee
1056 4015 1156 4062 cenent.
1194 4011 1261 4062 Cor-

168 4140 172 4147 ,
286 4095 415 4145 rexerunt
431 4106 483 4145 aen
494 4093 588 4157 sermo.
