2664 4756
513 254 824 353 exorientur.
1130 294 1196 359 seo
1237 264 1242 281 '

142 440 214 501 ticis
239 437 331 501 istius
347 435 521 522 temporis.
565 434 615 498 De
636 433 755 499 formis
775 434 940 501 adversas
958 453 990 505 et
1007 443 1193 509 adversam

144 525 288 589 diximus
317 523 426 587 ”Tora
444 521 474 584 ·l.
496 543 531 607 p.
548 525 620 582 179.
665 519 732 597 Qui
751 523 951 608 scripserunt
975 550 1016 588 ex
1030 528 1193 593 adversus

143 608 229 695 apud
256 607 339 671 Plin.
365 608 449 671 Hist.
472 628 508 673 n.
532 606 564 684 6¹,
592 607 643 683 16,
674 609 735 667 18.
761 607 796 668 in
821 611 933 672 animo
962 609 1128 683 habebant
1151 639 1192 678 en

141 717 246 768 neruo,
281 716 321 761 eor
343 703 440 780 post,
476 690 562 787 quae.
587 689 829 765 recentissimae
859 695 981 767 aetatis:
998 717 1076 761 usus
1104 722 1191 786 pro.

142 792 275 850 creavit.
813 802 816 807 ·
940 818 943 823 -
1112 788 1116 793 '

243 897 375 953 Priscian.
390 916 417 966 p.
434 895 495 948 ert.
515 895 620 971 qvando
634 901 721 946 autem
736 892 768 948 cri
787 890 915 955 tenerior
930 896 1080 971 significat,
1100 904 1191 972 magle

208 984 359 1038 adverbium
374 981 536 1042 ostenditur,
562 984 593 1032 ut
608 979 743 1035 Terentius
765 981 794 1032 in
809 981 914 1035 Pinnem.
936 985 962 1036 ei
982 986 1037 1035 loco
1060 986 1191 1039 exadver-

207 1087 263 1121 sum
278 1069 415 1120 tonstrina
433 1071 491 1115 erat
504 1065 644 1131 quaedam.
667 1080 693 1131 p.
711 1045 858 1122 lituae
872 1082 926 1117 non
943 1069 1023 1120 etiam
1041 1062 1192 1124 dictio-'tant

204 1154 234 1204 in
252 1150 434 1218 compositione
449 1164 527 1214 qvam
540 1148 568 1196 in
580 1148 757 1215 oppositione:
780 1148 809 1199 in
830 1151 1021 1218 compositione,
1039 1161 1069 1204 ut
1086 1154 1185 1206 Terens

206 1239 261 1289 tius
275 1237 304 1286 in
317 1233 473 1286 Phormione
486 1231 655 1284 exadversum
677 1234 702 1284 ei
724 1235 777 1284 loco
797 1250 847 1300 pro
871 1234 1016 1287 adversum.
1052 1238 1189 1290 Burman.

118 1308 123 1323 '¹
206 1337 272 1373 num
294 1317 399 1369 refellit
423 1314 629 1382 Oudendorpins
653 1316 689 1368 ed
710 1316 785 1369 Suet.
810 1317 887 1369 Caes.
903 1317 945 1370 39.
975 1337 1056 1388 quem
1071 1321 1135 1374 vide
1152 1323 1188 1376 ad

206 1401 314 1487 Apulei.
332 1402 408 1457 Flor.
424 1419 451 1469 p.
466 1398 509 1452 49.
539 1400 581 1453 cf.
599 1400 718 1458 Gronov.
733 1400 770 1458 ad
784 1401 856 1454 Gell.
873 1401 916 1469 11,
931 1402 979 1463 22.
1016 1401 1020 1409 ’
1088 1476 1091 1485 .

224 1546 252 1602 1.
276 1536 476 1623 significatio
502 1559 537 1601 en
560 1548 625 1615 est,
657 1536 964 1622 quornP-riscinnus
983 1541 1115 1628 posuit,
1144 1563 1187 1605 ex

140 1622 298 1703 adverso,
319 1647 336 1689 e
354 1624 507 1711 regione:
531 1645 607 1685 narn
631 1644 671 1685 ex
693 1621 818 1693 indicet·
834 1646 905 1687 rem
926 1648 968 1688 ex
983 1624 1093 1711 aliquo
1110 1625 1185 1697 loce
1287 1642 1290 1649 '

138 1710 197 1774 sub
211 1709 403 1795 adspectum
417 1709 527 1773 venire
545 1718 641 1792 atque
657 1708 701 1770 ito
715 1709 911 1772 contrariam
929 1733 1014 1774 esse:
1041 1734 1109 1774 von
1118 1734 1186 1797 ge-

136 1790 366 1882 geniilrerlrer.
390 1793 445 1867 Gi.
453 1793 562 1862 Gifan.
574 1793 743 1857 Observat.
761 1817 794 1880 p.
805 1796 968 1881 86(176.).
991 1796 1185 1861 Gebhardus

138 1892 170 1943 et
187 1881 298 1944 Bosius
316 1882 355 1946 sd
372 1880 504 1945 Cornel.
524 1877 647 1942 Them.
664 1885 695 1958 ὃ,
707 1879 739 1941 4.
773 1879 803 1942 T
806 1878 893 1943 hras.
911 1888 941 1962 2,
953 1886 984 1945 7.
1015 1881 1077 1946 lac.
1094 1883 1184 1946 Gro-

138 1967 320 2115 nplvinsad
343 1966 482 2034 Sueten.
500 1964 594 2033 Caes.
611 1968 663 2028 39.
697 1963 841 2057 appellnt
868 1965 997 2036 doctius
1022 1989 1121 2055 quam
1146 1991 1186 2033 ev
1248 2038 1251 2045 ,

104 2076 108 2084 ·
137 2075 158 2116 a
188 2075 291 2119 verso·
345 2104 348 2109 -

240 2164 560 2231 ennarrationes.
579 2166 654 2216 video
665 2164 836 2222 exadversum
846 2166 1015 2220 Pistoclerum
1030 2176 1055 2220 et
1072 2171 1185 2222 Bacchi·

207 2256 273 2307 dem.
309 2253 421 2304 Terent.
441 2250 555 2301 Phorm.
572 2251 597 2314 1,
614 2248 640 2314 2,
656 2248 698 2302 47.
723 2267 763 2301 ca·
778 2251 829 2302 sita
851 2259 909 2303 erat
927 2253 1108 2307 exadversum.
1133 2255 1184 2306 nd.

205 2336 232 2402 4,
246 2337 272 2400 2,
287 2335 331 2388 44.
346 2335 419 2402 opud
433 2334 519 2401 ipsum
535 2334 620 2385 lacum
635 2342 673 2387 est
685 2334 819 2402 pistrilla,
838 2343 863 2387 et
877 2336 1052 2392 exadvorsum
1063 2336 1184 2400 fabrica.

204 2420 284 2488 Apud
306 2421 416 2472 Sueten.
442 2419 519 2470 Caes.
535 2416 578 2470 39.
604 2418 681 2485 inque
695 2435 785 2469 aarum
802 2420 884 2470 locum
904 2420 966 2471 bina
983 2410 1071 2471 cost'ra
1085 2434 1118 2471 en
1133 2420 1185 2471 od·

204 2522 279 2558 verso
309 2503 508 2555 constituerant.
545 2508 661 2570 quotuor
687 2502 763 2554 codd.
787 2504 958 2560 exadversum
986 2504 1127 2571 praebent.
1156 2501 1186 2555 ie

206 2588 302 2640 Tiber.
315 2586 357 2638 33.
385 2585 568 2639 (luctantum.
602 2587 709 2655 Apulei.
726 2588 801 2638 Flor.
817 2605 843 2654 p.
858 2586 917 2651 353,
932 2586 975 2639 35.
1002 2605 1055 2640 sese
1077 2589 1192 2657 puisaia.

205 2674 379 2727 exadversum
395 2671 607 2741 quamproxime
624 2673 740 2724 collocat.
774 2672 1130 2738 emmeramensis.
1184 2664 1225 2724 5'.

240 2776 309 2833 Cum
324 2760 553 2831 terrestrem.
574 2772 626 2826 Ph.
634 2773 659 2838 1,
675 2773 700 2838 2,
716 2772 758 2826 38.
786 2775 814 2824 in
832 2790 882 2842 quo
899 2776 963 2826 tace
977 2775 1092 2828 discebat
1109 2768 1190 2841 ludo,

204 2862 374 2914 exadversum
390 2858 415 2911 ei
423 2859 484 2910 ‘loco
498 2857 632 2917 tonstrina
642 2866 700 2911 erat
713 2859 850 2926 quaedam.
869 2858 918 2910 uhi
931 2858 1049 2911 Bentlei.
1076 2858 1183 2925 Apulei·

202 2947 280 3012 Apol.
298 2934 426 3010 petet.
441 2960 488 2994 cur
500 2958 566 2994 aava
581 2943 701 3009 specula,
720 2943 744 2994 si
757 2943 928 2994 exadversum
943 2943 993 2993 soli
1006 2943 1179 3006 retineantur,

206 3029 353 3101 opposituri¹
359 3029 481 3095 Jonitcm
498 3027 651 3078 accendant.
671 3026 774 3077 Florid.
796 3043 822 3093 p.
838 3023 898 3089 356,
913 3016 955 3077 23.
991 3026 1084 3078 Samos
1099 3026 1183 3077 icario

204 3115 236 3167 ie
254 3106 326 3166 murt
346 3098 450 3165 modion
472 3111 561 3161 insula
584 3116 622 3161 est
642 3111 815 3161 exadversum
839 3110 945 3172 Mileto,
970 3111 1006 3161 ad
1028 3110 1184 3161 occidentem

205 3198 261 3251 mus
273 3196 334 3249 situ.
367 3194 597 3254 inscribendum
612 3210 687 3258 esse,
705 3211 761 3252 non¹
768 3194 887 3264 Miletos,
903 3210 996 3251 omnes
1013 3193 1105 3247 critici
1120 3211 1184 3246 con-

206 3281 332 3335 sentiunt
440 3326 443 3335 .

240 3380 411 3450 Praepositiv
427 3398 488 3434 eum
504 3376 663 3435 accusativa
675 3379 833 3447 composita.
868 3381 926 3435 cic.
944 3381 977 3432 de
991 3379 1082 3432 Divin.
1098 3377 1124 3443 1,
1136 3376 1181 3443 45,

207 3467 269 3520 161.
288 3484 340 3518 aro
355 3468 422 3518 enim
439 3469 488 3518 Aio
503 3466 644 3536 Loquenti,
662 3483 740 3533 qvam
757 3472 858 3533 septam
874 3467 1006 3529 videmus,
1022 3465 1182 3515 exadversus

205 3571 264 3609 eum
279 3546 361 3602 laium
376 3557 525 3603 consecrato
539 3559 584 3602 est.
604 3551 676 3601 Vnus
694 3550 752 3601 carl.
764 3551 944 3603 exadversum.
966 3547 1180 3603 Cornel'l'hem.

205 3634 231 3700 3,
248 3634 272 3687 4.
293 3634 342 3703 piro
352 3638 457 3700 sactum
473 3641 525 3697 est,
545 3641 576 3685 vt
592 3636 624 3687 ab
641 3634 781 3689 Artemisio
796 3634 957 3686 discederent
970 3640 996 3687 et
1009 3633 1181 3692 exadversum
1265 3658 1271 3667 =

206 3722 326 3772 Athenas
342 3721 414 3787 apud
430 3718 571 3771 Salamina
586 3720 693 3769 classem
710 3735 785 3769 suam
799 3720 991 3771 connitverent.
1026 3717 1097 3769 Plin.
1108 3714 1183 3766 Hieta

204 3822 232 3857 n.
246 3803 272 3868 6,
288 3802 330 3866 16,
345 3802 387 3855 18,
411 3820 477 3872 gens
493 3803 557 3852 eaeo
577 3803 674 3855 obtinet
693 3820 788 3855 averm
809 3803 903 3862 montis
916 3802 1082 3872 Paropanisi
1096 3799 1179 3851 exad-

204 3906 294 3943 versus
303 3893 394 3955 foates
409 3887 477 3939 lndi.

221 4012 253 4071 2.
287 4006 362 4069 Non
389 4005 512 4089 vulgari
536 4002 657 4082 modo,
688 4007 714 4068 si
737 4005 835 4072 verba
862 4005 987 4088 integro
1009 4010 1105 4080 sunt,
1129 3997 1188 4061 lo·.

142 4099 260 4172 qualus
277 4102 325 4157 est
341 4092 476 4158 Cornel.
497 4089 582 4176 Nep.
603 4088 720 4153 Thrae.
739 4096 770 4172 2,
786 4096 818 4158 7.
840 4092 876 4156 ia
892 4085 1037 4154 secundo
1052 4083 1181 4173 proelio
1274 4122 1278 4129 -
