2618 4770
138 267 210 341 426·
550 246 781 337 uQvurmt.

136 426 287 485 noourate
308 411 496 480 observasse
524 411 587 474 sibi
610 412 670 485 risi
695 419 772 474 srrnt
790 408 961 483 Erneslius
982 413 1018 487 iu
1044 414 1140 483 Clavi
1161 426 1194 489 et

134 503 359 588 lleusingerue¹
386 497 421 560 iu
445 495 618 565 Observat.
642 520 676 591 p.
699 502 775 561 403.
800 507 833 560 et
858 497 897 560 nd
926 498 995 573 cie.
1018 498 1146 567 de'Off.
1162 510 1192 585 1,

22 636 26 643 .
138 597 239 672 121.¹
263 605 387 670 eosque
411 583 542 669 sequuti
562 593 640 646 sunt
659 585 818 652 Garaton.
842 583 882 647 ed
900 584 993 649 Orat.
1015 608 1053 675 p.
1069 588 1189 657 Mitt.

136 688 171 743 et
186 671 389 745 Goerenzius
414 667 454 735 ad
472 668 540 732 Cic.
562 668 736 741 nerine,
754 673 783 748 1,
802 674 831 741 1.
851 679 884 733 et
905 669 976 741 elii:
1001 694 1189 761 uumquem-

108 804 111 811 ·
138 760 330 833 adicer-one
345 755 442 824 aliam
459 776 655 841 personam,
675 755 739 825 nisi
752 754 896 840 primam
911 756 1087 843 singularis
1107 780 1187 824 oon-

134 847 247 937 iungi,
267 842 364 933 etque
380 861 497 911 omnes
512 862 569 905 eos
583 840 694 918 locos,
714 841 771 933 qui
787 853 992 933 repugnent,
1007 856 1185 933 corruptos

136 943 170 997 et
187 931 228 1001 ad
245 928 392 1018 regulam
406 927 612 995 reuocandos
633 949 714 997 esse.
733 933 736 939 '
757 925 867 1006 Quum
884 928 1036 997 eamdem
1052 941 1184 995 senten.

135 1020 216 1082 tiam
239 1016 306 1085 iem
339 1013 471 1085 Vossius
496 1012 557 1087 sibi
581 1011 819 1083 informaverat
845 1011 886 1075 de
909 1012 1052 1100 Analog,
1076 1022 1182 1087 117,

135 1101 276 1177 Etiamsi
302 1120 380 1166 vero
413 1098 529 1173 Cicero
559 1097 639 1163 fere·
663 1120 796 1191 semper
827 1097 972 1185 primum
1006 1122 1181 1189 personam

133 1189 266 1277 posuit,
299 1183 376 1259 fecit
399 1183 433 1259 id
455 1206 527 1259 non
551 1194 746 1275 propterea,
779 1182 870 1270 quod
893 1185 1097 1258 existimaret
1118 1210 1181 1255 esse

134 1296 199 1363 ego
254 1270 374 1345 idem,
397 1270 456 1339 sed
480 1271 571 1357 quod
591 1271 727 1361 proprie
751 1278 821 1331 eret
843 1267 924 1344 boec
947 1292 1018 1339 vox
1042 1271 1181 1348 11111111-

132 1294 306 1433 rnnndtire
321 1354 374 1431 rel
387 1356 546 1434 sententie
565 1357 652 1436 eius,
675 1355 732 1443 qui
746 1352 950 1441 loqueretur.
993 1357 1180 1449 Numquam

134 1445 226 1517 enim
252 1440 338 1513 dixit
358 1463 421 1529 pro
446 1464 511 1539 ego
534 1440 689 1528 quidem,
721 1440 813 1529 quod
835 1450 921 1515 esset
940 1465 1006 1531 ego
1034 1466 1077 1507 ex
1108 1466 1180 1509 mea

129 1541 253 1617 porte,
278 1538 310 1599 et
333 1527 362 1602 εἰ,
384 1527 442 1617 qui
463 1527 645 1609 sunt''loci,
670 1527 704 1599 in
727 1526 847 1621 quibus
861 1548 1056 1613 pronomen
1078 1530 1178 1598 ursel

134 1616 197 1680 alia
221 1634 367 1701 persona
396 1612 602 1699 opponitur,
637 1612 820 1685 serendum
849 1613 928 1694 erit,
957 1634 1001 1676 ne
1027 1612 1180 1691 fallamur

133 1700 196 1764 hac
213 1701 283 1787 ipsa
300 1698 530 1783 oppositione,
547 1719 614 1761 non
629 1718 692 1783 per
707 1697 793 1763 hanc
808 1697 1003 1784 particulam
1020 1721 1181 1789 expressa.

133 1787 203 1851 Nee
227 1802 366 1872 prorsus
390 1780 583 1854 abstinuisse
602 1782 733 1859 videtur
753 1784 871 1851 Cicero
894 1808 912 1854 1
932 1783 1091 1857 liberiore
1113 1808 1180 1869 usu,

134 1873 225 1937 ouius
237 1868 336 1955 'plum
351 1865 547 1941 haberemus
563 1868 732 1954 exempla,
755 1869 819 1932 nisi
837 1868 1002 1939 librorum
1018 1884 1181 1943 correcto·

96 2033 97 2037 Ἰ
131 1978 186 2023 res
231 1954 515 2027 cemmeticumre
540 1954 628 2031 ulam
658 1953 780 2039 ubique
806 1952 1049 2036 admovissent,
1080 1968 1112 2022 et
1135 1956 1180 2025 vel

133 2042 191 2128 qui
217 2062 287 2115 em,
318 2038 371 2113 vel
391 2050 424 2109 et
446 1975 584 2127 peridem
613 2042 831 2125 scripsissent,
864 2039 930 2103 vid.
952 2042 1120 2109 Goerenz.
1141 2041 1195 2114 ads

134 2128 202 2199 Cio.
219 2126 260 2199 de
282 2122 354 2196 Fin.
380 2130 507 2217 p.161.
546 2124 648 2213 Quod
670 2125 771 2275 ipitur
792 2127 825 2191 in
850 2124 1012 2193 Cicerone
1036 2152 1104 2193 non
1125 2150 1180 2193 ne-

131 2234 268 2301 gemus,
301 2229 378 2285 eum
400 2212 436 2281 in
459 2210 657 2298 quibusdam
694 2212 792 2291 ocis,¹
814 2212 963 2297 quemvis
983 2216 1084 2299 pauci
1106 2216 1180 2296 sint,

132 2300 231 2368 etiam
248 2318 326 2365 eum
347 2296 490 2367 secunda
515 2309 547 2361 et
569 2297 667 2360 tertia
693 2318 837 2382 persona
861 2297 1017 2382 equidem
1041 2322 1181 2387 compo-

132 2385 251 2461 suisse,
273 2381 307 2454 id
322 2384 452 2470 suepius
468 2383 620 2456 fecerunt
635 2382 805 2453 Sallustius
813 2391 851 2444 'et
865 2383 930 2457 alii.
972 2385 1023 2456 De
1040 2387 1179 2472 Virgilio

132 2469 264 2534 Servius
281 2468 323 2530 ed
340 2470 421 2532 Aen.
441 2474 469 2548 1,
487 2473 561 2538 576.
595 2469 632 2531 io
655 2467 750 2530 enini
779 2465 936 2554 Virgilio
958 2493 1022 2554 ego
1047 2472 1181 2559 peridem

132 2552 252 2641 ubique
267 2551 465 2702 sigrpfficot,
494 2553 614 2626 sedin
636 2554 717 2619 siliis
741 2564 774 2617 et
793 2575 860 2638 pre
885 2554 1021 2640 quidem
1045 2569 1181 2631 tantum

123 2641 281 2728 ponitur.
326 2639 333 2663 '
360 2634 455 2715 emen
474 2640 510 2703 in
527 2640 607 2713 Aen.
623 2644 673 2716 10,
691 2644 744 2702 29.
772 2660 842 2703 non
860 2652 1002 2725 possunt
1024 2644 1180 2731 coniungi

131 2725 286 2813 ¹equidem
298 2724 410 2797 credo.
445 2725 616 2794 Sallustius
633 2725 735 2787 utitur
747 2723 809 2797 hec
849 2727 985 2795 articula
1002 2727 1043 2796 ad
1062 2751 1180 2815 quem·

132 2832 273 2905 cumque
296 2811 493 2879 sententium
523 2810 747 2882 uehementius
780 2809 816 2874 af
838 2811 1021 2888 rmandem.
1068 2816 1178 2879 Celsus

130 2918 314 2992 numquam
342 2897 436 2967 dixit.
493 2895 734 2985 Quinctiliauus
765 2897 933 2969 Ciceronis
964 2901 1180 2965 consuetudi-

129 3004 209 3046 nem
234 2982 380 3054 imitetus
405 2993 472 3064 est,
501 2982 630 3068 saepius
654 2991 765 3049 tamen
793 2982 984 3067 etquidem
1004 3007 1178 3074 usurpans.

131 3068 283 3135 Curtium
306 3090 439 3154 semper
463 3068 591 3152 primae
613 3088 774 3155 personee
802 3069 997 3153 particulam
1022 3071 1178 3153 iunxisse,

128 3175 173 3216 ne
198 3153 310 3215 credas
332 3152 536 3239 Heusingero
567 3155 600 3225 in
625 3151 799 3222 Emendat.
828 3175 861 3239 p.
884 3159 957 3226 223.
1001 3156 1067 3220 Sed
1092 3158 1178 3223 idem

130 3237 275 3302 affirmat
291 3237 496 3303 Schwarzius
521 3239 562 3306 de
584 3237 689 3307 Plinio
710 3237 859 3316 iuniore,
883 3239 924 3300 ad
940 3242 1059 3327 Paneg.
1078 3248 1130 3323 62,
1145 3248 1176 3307 2.

128 3336 242 3386 tamen
259 3322 494 3389 dubitationem
511 3334 647 3397 movent
665 3322 799 3411 quidem
821 3322 887 3389 loci
901 3325 1008 3412 Epist.
1027 3333 1059 3405 9,
1077 3334 1130 3410 23,
1146 3334 1176 3401 2.

129 3413 161 3488 6,
183 3413 233 3480 16,
254 3412 285 3470 3.
317 3409 373 3494 qui
402 3409 488 3478 infra
517 3409 725 3481 retractandi.
778 3407 817 3481 In
849 3408 954 3476 Taciti
977 3410 1072 3479 libris
1097 3436 1177 3478 1111·

129 3514 230 3579 quam
253 3511 389 3580 apparet
413 3495 586 3582 equidem,
628 3496 689 3558 nisi
712 3515 780 3557 tino
805 3494 839 3556 in
863 3494 939 3559 loco
959 3497 1109 3587 Dielogiz
1138 3500 1175 3565 ad

130 3577 219 3663 quod
245 3580 413 3651 attendere
430 3580 606 3666 oportebat
624 3580 771 3652 criticos,
797 3578 854 3662 qui
873 3579 913 3643 de
927 3594 1063 3650 auctore
1078 3608 1174 3672 quee-

126 3666 288 3814 pliverurlrt.
360 3666 474 3752 Neque
509 3664 641 3753 reperio
678 3664 869 3753 exemplum
908 3667 944 3732 in
980 3669 1174 3757 Symmachi

79 3789 84 3795 ·
155 3760 241 3836 pisto
257 3773 293 3816 rs.
425 3756 429 3762 “
553 3756 556 3763 ’
780 3756 784 3763 ’
1009 3760 1012 3767 “

149 3930 152 3935 ·
197 3910 244 3968 1.
265 3901 435 3989 Equidem
452 3902 626 3967 confirmet
641 3925 711 3968 rem
728 3905 911 3977 dicendum.
926 3917 1026 3994 atque
1041 3910 1172 3987 indicat,

128 3988 180 4070 id,
213 3989 376 4075 quodsit.
400 4010 525 4053 essere
549 4011 643 4067 vera,
673 3989 724 4053 vel
743 4016 817 4057 rem
840 4015 915 4055 vere
938 3991 1060 4059 fectum
1087 4018 1168 4061 esses

118 4073 299 4162 stirwclzr,
327 4072 497 4157 wirkliod,
527 4075 565 4140 in
588 4074 651 4140 der
673 4075 776 4171 leut.
834 4078 900 4143 Sed
923 4082 1107 4169 proprium
1126 4090 1170 4149 ost
