2618 4770
1 284 4 295 =
39 240 43 249 ¹
183 248 249 318 604,
669 239 743 308 ΕΤ.

142 352 149 371 x
178 399 388 497 peculiarem
404 398 514 475 adiicit
529 392 808 488 designationem,
829 407 866 461 ut
879 397 928 498 sit·
939 388 973 462 et
990 394 1041 461 ad
1054 395 1117 461 bec
1140 395 1243 495 illud,

188 497 295 557 mutet
310 486 443 567 locum,
469 495 500 550 et
518 496 659 571 occupet
676 505 752 548 cum
776 494 853 570 post
866 502 1015 571 primum
1032 504 1157 566 nomen
1176 504 1246 548 sive
1286 536 1290 542 ,

188 575 232 641 sit
247 571 435 636 coniunctio
450 571 519 634 sive
534 571 631 635 eliud.
676 571 729 634 Sic
744 580 778 634 et
792 570 906 651 simui,
921 567 995 633 und
1007 568 1185 656 migleicle,
1211 580 1246 634 et

179 681 301 751 'pennu
316 656 390 721 und
400 656 459 739 du,
475 655 559 722 fiunt
569 655 725 725 simulet,
741 655 1002 742 zugleiclsancls,
1019 653 1177 753 popm-et,
1195 654 1245 719 da

39 744 45 771 ’·
127 777 138 819 ,·
190 744 293 813 uuck.
334 742 676 842 Att1·nhiturcnimet
693 740 733 803 eb
753 762 821 813 uno
848 741 959 839 aliquo
973 760 1129 838 nomme,
1152 738 1253 829 quod⁴

191 830 352 916 sequitur.
403 827 447 895 Et
483 846 586 913 quum
615 850 651 895 rn
680 825 931 891 conformandis
960 826 1248 891 enuntiationibus

191 916 299 983 cretio
315 934 384 977 nnn
397 935 468 977 sem
495 936 530 977 er
551 936 569 980 n
617 913 705 976 rimo
720 913 881 996 vocabulo
895 913 961 976 inci
986 910 1049 991 iet,
1073 911 1251 1000 sed-pcepta

64 1068 71 1079 ‚
190 1000 330 1084 verbum
346 937 491 1088 aliquod„
521 934 1248 1087 reenrtfdnffetneni‘s'tetptntroductionis

109 1096 112 1105 '
145 1106 157 1117 ·
192 1079 446 1167 osunen-,etiem
460 1021 563 1149 {anss
587 1078 748 1171 perdocile
766 1083 917 1170 primum
939 1083 1051 1148 locum
1074 1083 1137 1148 sibi
1159 1105 1273 1172 pro-.

186 1182 193 1189 '
233 1171 310 1235 ium.
331 1169 480 1234 obtinere
513 1168 652 1236 videtur.
700 1169 761 1234 Est
783 1169 884 1256 igitur
906 1169 1105 1237 inversionis
1128 1190 1244 1266 genus.

237 1255 259 1320 d
274 1254 367 1333 iliud,
383 1255 472 1341 quod
486 1255 582 1325 unius
595 1255 740 1321 nominis
753 1246 1245 1342 praeeifiiid‘mde'srgnetronem

63 1402 85 1419 ,,
192 1339 312 1418 efficit,
334 1340 479 1405 cernitur
492 1342 526 1407 in
543 1341 757 1431 oppositione
779 1340 918 1426 alierum
938 1360 1070 1418 rernm,
1093 1360 1176 1426 quse
1192 1339 1248 1406 vel

106 1454 111 1469 ’
193 1436 269 1494 ente
281 1425 385 1491 dictae
396 1436 473 1489 sunt
485 1426 535 1505 vel
548 1424 1096 1527 cogitatione'comprehenduntur.
1116 1426 1249 1505 Quem-

191 1510 376 1581 admodum
401 1513 457 1596 qui
482 1511 560 1575 dieit
585 1512 680 1577 edem
702 1522 734 1577 et
759 1510 818 1575 itte
832 1509 942 1600 fecit,
978 1513 1102 1598 cogitat
1124 1523 1159 1575 et
1182 1510 1249 1576 atii

181 1609 229 1663 *et
250 1596 309 1664 tlte
327 1593 429 1685 fecit.
474 1596 621 1660 Tantum
648 1597 749 1683 igitur
772 1596 878 1676 obest,
906 1607 963 1676 ut,
991 1608 1024 1661 et
1048 1597 1094 1660 sic
1118 1598 1252 1682 posito-,4

195 1682 274 1753 dum
297 1680 572 1748 smootuthorum
599 1681 783 1746 fautoribus
807 1682 895 1746 eliud
922 1693 954 1746 et
977 1681 1249 1768 insequentibus

194 1776 443 1857 exepeptemue,
460 1777 498 1830 ut
513 1768 664 1852 priorem
677 1777 827 1854 portem,
849 1767 902 1831 cui
918 1767 1021 1833 eltere
1041 1790 1103 1857 per
1128 1779 1162 1833 et
1185 1767 1251 1833 nd-

193 1848 368 1939 impetur,
405 1850 472 1917 iem
503 1852 614 1917 nn'imo
648 1854 701 1918 vei
724 1854 832 1917 verbis
856 1862 930 1917 ente
957 1852 1050 1916 dictis
1072 1863 1248 1918 teneamus

190 1928 408 2023 coempturus
445 1938 537 2000 Hono
552 1959 632 2003 vero
647 1938 688 2002 ed
706 1937 813 2023 legem
829 1938 1117 2030 omneetrprsigeri
1146 1952 1249 2019 tores,

195 2020 363 2089 evCioero
380 2021 426 2085 im
453 2022 563 2098 rimis,
589 2024 776 2089 orationem
797 2045 889 2088 suem
903 2020 1118 2100 formarunt,
1148 2034 1249 2109 etque

194 2127 213 2173 e
327 2130 344 2173 u
384 2109 553 2195 estgnendi
577 2110 627 2189 vi,
645 2120 677 2175 ct
699 2110 829 2173 inverso
854 2109 1030 2178 verborum
1048 2108 1185 2190 ordine,
1211 2121 1248 2175 et

190 2246 193 2250 .
222 2201 274 2263 net
288 2193 436 2279 primum
454 2193 668 2276 vocabulum,
682 2206 793 2264 temen
809 2194 849 2260 eb
867 2194 963 2264 initio
977 2197 1158 2262 sententiae
1174 2196 1248 2276 colss

193 2212 360 2365 focerunt,
410 2279 497 2348 Nem
520 2280 553 2342 in
579 2281 696 2368 quibus
720 2303 738 2348 a
762 2279 881 2365 regule,
900 2280 1137 2361 discesserunt,
1172 2302 1248 2347 reru

196 2373 273 2431 sunt
300 2363 465 2451 exempla.
518 2365 690 2437 Sed‘usus
722 2364 908 2429 communis
939 2365 1018 2432 hacc
1045 2374 1162 2453 postca
1185 2389 1249 2430 ex-

194 2451 340 2515 tenuavit
356 2451 418 2526 ite,
439 2460 495 2528 ut,
513 2451 571 2514 ubi
586 2448 755 2538 oppositio
772 2448 969 2519 alicuius'rci
980 2452 1123 2533 adesset,
1146 2455 1248 2516 etiam

194 2534 230 2601 in
246 2535 354 2599 medie
374 2536 524 2598 oratione
542 2547 574 2599 et
592 2559 654 2623 pro
673 2536 779 2599 etiam
795 2547 970 2622 ponerent.
1014 2536 1111 2600 Retio
1130 2538 1249 2602 endem

195 2620 331 2706 quidem
347 2631 412 2699 cst,
432 2642 503 2685 non
522 2642 599 2685 vero
624 2622 711 2685 idem
738 2623 857 2684 modus
881 2624 1133 2705 grammaticus:
1167 2646 1250 2687 nam

154 2758 166 2777 ,2
195 2706 315 2769 emittit
330 2706 487 2790 particula
499 2708 565 2771 vim
583 2707 815 2793 copulativam,
833 2717 866 2772 et
880 2707 1072 2801 simpliciter
1083 2708 1250 2793 signifieat

194 2789 229 2854 id
248 2791 470 2876 quodetiam.
514 2791 615 2871 Quod
630 2791 701 2856 fieri
720 2814 814 2879 posse
834 2802 866 2856 et
883 2814 1035 2879 graecum
1056 2794 1107 2856 καὶ
1128 2804 1163 2855 et
1182 2816 1250 2878 go-

194 2875 320 2939 thicum
342 2876 404 2954 jule
426 2877 615 2945 ostendunt.
661 2879 724 2945 Sed
739 2879 844 2943 rarius
862 2876 923 2940 huo
943 2878 1084 2946 dictione
1104 2879 1248 2943 uteban-

194 2971 250 3024 tur
266 2963 364 3025 etiem
381 2962 467 3025 inter
483 2965 679 3029 recentiores
695 2965 735 3043 ii,
763 2963 820 3049 qui
843 2973 937 3029 crunt
959 2964 1139 3027 verborum
1167 2964 1249 3029 dili-

195 3048 379 3129 gentiorcs;
402 3057 515 3117 temen
540 3049 574 3113 in
597 3050 757 3112 Cicerone
781 3048 811 3110 id
830 3048 1028 3135 vituperare,
1050 3050 1139 3135 quod
1157 3060 1249 3115 recte

194 3129 267 3200 fieri
282 3154 398 3218 posse,
427 3144 458 3197 et
477 3144 551 3200 onte
570 3156 645 3198 eum
661 3134 784 3198 fectum
802 3156 870 3198 esse
889 3155 987 3200 nemo
1005 3136 1153 3223 negabit,
1176 3158 1249 3199 non

59 3231 62 3234 ·
141 3235 142 3238 ’
194 3217 306 3280 minus
330 3219 481 3305 ineptum
507 3219 651 3294 videtur,
687 3241 787 3306 quarn
810 3219 1027 3295 contendere,
1059 3241 1249 3305 numquam

196 3301 385 3371 eCieerone
402 3303 434 3365 id
453 3305 578 3368 dictum
597 3327 685 3384 esse,
702 3305 806 3372 sedin
826 3304 979 3371 omnibus
996 3305 1076 3368 locis
1092 3305 1250 3369 librario-

194 3406 272 3454 rum
292 3385 455 3456 sedulitati
472 3389 595 3453 deberi.
638 3390 723 3458 Illud
743 3410 838 3461 vero,
865 3390 961 3474 ⁴quod
980 3390 1081 3453 critici
1096 3403 1248 3471 narrant,

195 3471 303 3538 etium
325 3495 423 3559 saepe
445 3497 467 3545 n
492 3476 606 3539 scribis
631 3487 796 3543 mutatum
820 3497 888 3537 esee
909 3475 942 3537 in
968 3486 1018 3551 et,
1050 3475 1173 3539 falsum
1198 3488 1250 3540 est

196 3569 435 3628 commentum.
485 3561 571 3628 Nem
595 3562 722 3646 saepius
746 3559 793 3625 illi
821 3559 929 3627 etium
953 3560 1174 3644 scripserunt,
1209 3574 1249 3625 ut

195 3640 468 3728 significationem
502 3647 635 3715 voculae
660 3656 692 3708 et
716 3643 931 3728 explicarent:
969 3667 1035 3729 quo
1062 3649 1095 3710 in
1121 3648 1248 3711 iudicio

123 3750 124 3754 ’
195 3746 329 3796 meeum¹
342 3732 487 3798 sentiunt
495 3732 645 3798 Heinsius
658 3730 698 3799 ed
706 3728 820 3795 veltet.
837 3730 903 3793 Pet.
914 3735 944 3806 2,
956 3735 1029 3794 116.
1048 3742 1079 3794 ct
1089 3733 1250 3796 Draken-

159 3835 166 3847 ·
196 3811 313 3879 borch.
338 3817 377 3879 ad
403 3817 471 3885 Liv.
495 3821 548 3892 22,
571 3818 624 3892 47,
648 3820 679 3878 9.
721 3816 827 3898 Atque
847 3815 938 3878 idem
964 3821 1179 3902 cognoscitur
1204 3840 1251 3880 cx

197 3898 312 3986 glossis
329 3901 480 3985 antiquis.
498 3900 563 3968 vid,
581 3898 694 3965 Schol.
712 3898 753 3973 ud
768 3900 890 3962 Lucan.
909 3906 937 3979 1,
949 3905 1021 3965 675.
1042 3908 1073 3985 8,
1083 3906 1157 3966 257.
1169 3903 1247 3966 415.

85 4022 88 4027 ·
126 3996 131 4025 '
198 3989 250 4066 10,
266 3990 340 4054 269.
383 3987 553 4063 Noenune
571 4007 706 4057 omnem
728 4007 824 4055 usum
849 3985 890 4055 ad
915 3985 1047 4055 definite
1071 3988 1251 4074 exemplo*
