2664 4756
562 268 635 335 EX.
1054 278 1117 343 655

140 431 261 501 quemme
290 429 449 496 mandente,
481 426 622 496 probetur.
659 424 891 490 1161666611.
915 446 971 481 non
989 446 1020 483 ee
1035 432 1118 497 facili

140 517 264 568 dixerim.
300 515 344 579 12,
353 513 395 577 46,
410 514 435 565 l.
455 512 530 565 nobis
544 518 634 565 tuanen
651 511 756 563 abunde
770 517 832 562 sunt
847 528 895 576 en,
914 532 980 581 quae
996 534 1028 568 er
1035 518 1119 583 sarili

140 602 256 653 rusticae
283 596 448 667 simplicitati
475 613 528 647 non
554 612 658 665 magna
684 596 803 663 impensa
823 605 934 663 possunt
959 602 1118 671 contingere.

141 685 232 738 Tacit.
248 685 313 753 Agr.
329 680 370 735 15.
388 682 458 732 nibil
468 681 565 749 profici
576 680 727 749 patientie,
745 681 972 749 aisiutgraoiora
982 690 1119 752 tamquam

139 789 174 825 ex
191 770 274 836 sacili
294 766 468 820 tolerantibus
490 765 660 833 imperentur.
701 765 803 816 Lucan.
821 763 845 828 4,
860 763 902 815 46.
932 765 979 816 ubi
1001 768 1119 825 Curtius.

140 854 212 907 Plin.
220 852 292 905 11161.
299 868 325 901 6.
334 849 376 911 22,
387 847 430 913 ᾖ,
437 846 480 901 66.
496 848 574 913 3113,
584 848 609 902 8.
630 846 760 915 31,4,15.
779 848 843 901 Alia
857 848 921 901 vids
936 851 1006 917 apud
1022 853 1119 907 Heius.

142 940 177 991 66
189 937 267 991 Ovio.
276 938 335 989 Art.
343 950 396 987 am.
405 932 430 997 3,
439 931 499 985 416.
520 933 672 987 Ritterhur.
681 932 865 987 6611661666.
879 932 905 997 6,
916 932 976 986 461.
999 936 1072 989 (tort.
1082 938 1119 991 ad

139 1019 274 1084 166664,
282 1017 324 1072 46.
359 1018 412 1069 ltx
430 1018 596 1086 integro,
615 1016 634 1068 i.
650 1036 676 1083 q.
692 1017 814 1091 denoto.
833 1017 964 1084 Quinctil.
973 1018 1117 1085 11,3,156.

138 1106 211 1161 Ptin.
225 1104 313 1173 Epist.
323 1101 370 1167 16,
377 1100 420 1165 64,
429 1100 454 1153 4.
470 1090 496 1166 1,
505 1101 532 1165 6,
541 1100 566 1153 6.
593 1101 809 1164 columbkilli»,
819 1100 844 1153 8.
869 1100 980 1155 866166.
993 1094 1117 1175 Angit.

103 1224 106 1231 ·
138 1186 360 1253 1661162161.
382 1184 460 1237 6111.
494 1184 661 1254 Saepissime
672 1185 739 1237 iuris
750 1192 884 1238 auctores.
916 1186 1117 1245 Eumerito.

139 1276 253 1328 8611661.
275 1273 336 1341 lug.
352 1270 394 1336 85,
410 1269 452 1323 31.
478 1276 503 1323 et
523 1271 607 1322 omnis
619 1272 728 1322 bonores
742 1288 795 1322 non
808 1286 841 1323 sn
853 1271 961 1338 merito,
982 1273 1028 1325 sed
1042 1276 1118 1341 paesi

140 1360 242 1413 debitos
259 1376 278 1411 a
292 1357 365 1408 cobis
380 1356 487 1425 eripuit.
510 1354 559 1407 nbi
575 1355 652 1429 (1661.Ι
666 1353 746 1407 0616.
764 1372 798 1407 ex
814 1354 984 1421 Ρ.4,1,16.
1006 1358 1120 1427 contigit

140 1460 175 1497 ex
188 1435 297 1505 merito,
322 1440 367 1509 qui
387 1441 436 1493 tibi
451 1458 533 1509 nuper
554 1440 644 1493 bonos.
668 1439 820 1505 1166161.
840 1441 949 1504 leniter,
975 1456 1009 1491 ee
1025 1442 1119 1495 merito

141 1527 268 1597 quidquid
288 1526 410 1594 patiare,
432 1526 575 1597 fereadum
595 1532 642 1577 est.
668 1524 724 1580 vit.
741 1526 890 1579 Burmann.
912 1524 948 1577 66
968 1514 1065 1577 vinei.
1085 1524 1119 1579 P.

142 1613 168 1677 2,
190 1611 250 1663 116.
299 1611 341 1660 De
366 1607 467 1660 omissa
488 1608 690 1677 praepositione
719 1611 846 1663 Aratnen.
877 1608 911 1662 66
934 1610 1029 1661 caton.
1049 1606 1118 1662 Dist.

144 1716 172 1766 p.
191 1694 252 1747 236.
288 1695 338 1745 En
358 1693 509 1761 obliquo.
531 1692 604 1747 Ptin.
619 1693 645 1758 2,
661 1693 704 1759 31,
718 1693 760 1745 31.
787 1712 833 1746 nee
847 1695 1045 1761 semipsum,
1071 1710 1118 1745 nee

142 1782 235 1848 infru,
260 1779 306 1830 sed
327 1796 360 1829 ex
381 1779 492 1846 obliquo.
525 1778 579 1829 Ex
591 1779 684 1847 pari.
708 1776 838 1845 Quinctil.
853 1778 878 1843 2,
898 1778 940 1842 16,
956 1778 982 1830 2.
1007 1780 1030 1830 si
1040 1780 1117 1847 parti

140 1866 261 1919 utrilibet
282 1864 388 1915 omuino
410 1863 525 1914 alterans
548 1862 674 1915 detrabes
689 1868 741 1915 ete.
756 1883 807 1914 -=
831 1866 873 1915 sin
894 1876 927 1915 cx
949 1864 1012 1932 pari
1026 1871 1118 1917 coeunt

143 1958 196 2005 ete.
223 1950 319 2004 Seuec.
333 1949 382 2015 Ep.
398 1942 491 2008 56,14.
510 1946 615 2013 sapiens
629 1946 674 1997 itte
688 1954 740 2011 est,
758 1949 803 2014 qni
815 1948 1028 2019 plenasgauclio,
1042 1950 1118 2001 bila-
1222 1945 1238 1963 “’

140 2037 179 2089 ris
194 2042 219 2088 ot
233 2035 364 2104 placidus,
383 2032 557 2095 inconcussus,
576 2048 633 2082 eum
647 2031 697 2081 diis
711 2033 812 2097 erpuri
821 2033 894 2084 uiuit.
927 2032 979 2083 Ex
990 2034 1083 2103 prim
1093 2053 1117 2098 o,

139 2119 161 2173 i.
177 2136 204 2187 q.
223 2118 321 2184 primo.
340 2114 411 2166 Plin.
426 2114 469 2177 11,
488 2112 530 2178 41,
546 2114 589 2167 66.
617 2132 648 2165 ec
662 2114 748 2182 primo
760 2132 860 2182 semper
876 2134 894 2168 a
911 2124 994 2185 partu
1006 2120 1118 2171 colostra

135 2204 221 2271 fiunt.
254 2202 305 2252 En
327 2216 556 2268 superuacuo.
581 2195 641 2248 niv.
656 2197 682 2261 2,
699 2196 742 2263 bt,
755 2196 781 2249 8.
802 2205 894 2251 auctor
909 2200 1015 2269 magis,
1033 2206 1117 2268 alfii,

143 2303 224 2355 queas
247 2302 287 2335 res
311 2285 347 2335 ad
367 2284 579 2351 praecauendum
599 2300 631 2333 ex
655 2298 813 2350 superuacuo
832 2282 920 2335 mouit.
955 2284 1005 2335 Ee
1031 2290 1116 2350 toto,
1179 2340 1184 2349 ,

142 2370 163 2423 1.
181 2388 205 2423 6.
230 2368 352 2439 penitus,
380 2367 503 2433 omnino,
531 2362 560 2431 ἐξ
577 2359 710 2426 ἅπαντος.
745 2366 824 2419 ovid.
840 2384 874 2419 ex
888 2366 976 2419 Ponto
992 2365 1017 2431 4,
1033 2367 1059 2431 8,
1073 2346 1117 2421 'lb

145 2456 241 2509 Celsus
255 2454 280 2518 1,
293 2453 318 2505 2.
338 2452 365 2517 2,
376 2452 401 2505 8.
421 2458 448 2505 eb
483 2467 627 2521 persaepe.
653 2451 757 2503 Colum.
771 2449 797 2515 5,
815 2450 840 2516 8,
858 2450 882 2504 6.
907 2450 1120 2516 8666161516.

143 2538 223 2593 nimis
236 2538 372 2591 imminere
385 2538 475 2589 leviter
489 2537 609 2605 66166616
623 2537 664 2587 oel
678 2554 709 2588 es
723 2542 777 2589 toto
791 2554 845 2588 non
859 2538 986 2605 petendis.
1006 2538 1081 2589 curt.
1091 2534 1118 2599 8,

142 2622 169 2690 6,
192 2622 236 2677 23.
284 2624 336 2674 Ex
364 2629 449 2675 tuto.
487 2619 548 2673 Liv.
572 2619 615 2684 26,
639 2619 682 2672 38.
708 2619 732 2672 6.
765 2622 895 2686 Blattius,
937 2628 1063 2690 mantum
1086 2637 1119 2673 ex

141 2715 198 2762 tuto
209 2715 325 2779 poterut,
341 2725 394 2759 rem
408 2722 546 2759 romanam
555 2708 675 2772 sonabat.
693 2704 844 2770 22,12,16.
870 2708 920 2758 Eu
935 2722 1040 2769 sano,
1058 2703 1077 2757 i.
1092 2722 1118 2773 q.

141 2792 260 2845 irritum.
284 2792 344 2844 Lis.
358 2791 401 2856 33,
417 2790 460 2856 31,
474 2789 500 2842 4.
517 2787 659 2855 27,26,1.
683 2789 738 2842 vid.
759 2791 881 2843 Walelrii
891 2790 1033 2843 Emendat.
1056 2788 1118 2843 Liv.
1229 2828 1234 2837 .

141 2895 169 2946 p.
186 2877 244 2928 163.
269 2879 296 2928 E
302 2896 321 2928 a·
339 2895 421 2930 cero
445 2874 465 2927 1.
482 2892 506 2928 6.
527 2892 601 2927 rere.
620 2874 730 2927 Sallust.
753 2876 891 2942 661111.
909 2892 942 2927 ea
957 2892 998 2929 res
1013 2879 1119 2927 canem

142 2979 177 3012 ex
191 2962 307 3012 lubidine
321 2962 409 3031 magis
424 2978 502 3029 quam
517 2977 551 3013 ex
561 2977 622 3012 oero
637 2960 749 3012 celebrat
759 2962 935 3029 obscuratque.
962 2958 1042 3011 Ouid.
1058 2960 1118 3012 Art.

144 3061 197 3096 nm.
214 3044 239 3109 3,
254 3044 279 3110 6,
293 3044 317 3097 4.
345 3044 459 3111 16612,
475 3043 535 3097 859.
563 3045 685 3097 blacrob.
711 3044 769 3096 861.
792 3043 818 3108 1,
834 3043 875 3097 16.
901 3062 927 3112 p.
942 3044 1001 3096 663.
1033 3044 1117 3097 Zeun.
1216 3026 1219 3033 Ι

143 3130 220 3183 Β666
234 3129 353 3181 restituit
365 3131 516 3182 Burmann.
533 3128 561 3181 in
575 3128 669 3181 Senon.
681 3128 819 3180 Samuron.
835 3128 910 3181 1633.
929 3136 1010 3197 atque
1025 3128 1117 3194 etium,

144 3220 176 3267 61
188 3213 304 3279 videtur,
319 3213 447 3267 Heinsius
462 3213 492 3265 in
504 3212 601 3266 Vellei.
615 3214 676 3265 Pet.
692 3212 717 3276 2,
730 3212 772 3276 61,
788 3211 812 3263 1.
838 3213 906 3280 qaod
921 3231 1063 3282 cognomen
1077 3214 1119 3267 illi

146 3314 178 3349 cn
198 3315 258 3349 uero
282 3324 316 3334 —
339 3316 475 3351 consensus
498 3298 615 3349 uniuersi
634 3304 740 3348 senatus
761 3298 901 3365 populique
923 3316 989 3351 rom.
1011 3299 1118 3353 indidit.
1148 3338 1154 3347 .

144 3381 215 3434 Nam
232 3382 329 3432 Horat.
344 3382 400 3435 Sat.
415 3382 441 3446 2,
456 3382 481 3447 2,
501 3380 544 3433 56.
570 3382 615 3433 cui
635 3381 708 3432 oanis
729 3397 760 3431 ee
781 3398 841 3432 oero
863 3382 961 3435 dictum
975 3401 1118 3453 cognomen

144 3465 282 3518 adiiceret.
313 3464 354 3517 61.
369 3466 474 3520 Acidal.
491 3466 526 3519 66
538 3466 629 3519 Ρ1661.
644 3464 731 3517 Stich.
746 3483 772 3533 p.
787 3462 846 3517 466.

178 3587 332 3657 Partieipiu
340 3606 409 3657 quae
417 3590 572 3641 universam
580 3587 761 3641 conditionem
770 3587 934 3655 significante
946 3590 972 3640 Ε
977 3609 995 3642 r
1012 3594 1117 3643 ebun-

145 3674 190 3726 da
197 3692 215 3724 n
225 3675 260 3725 ti.
291 3672 487 3740 9616611165,
497 3673 538 3727 li).
559 3674 666 3726 eddidit
680 3691 710 3723 eu
723 3673 880 3725 abundanti.
889 3672 914 3737 5,
924 3672 950 3737 6,
960 3673 985 3725 2.
1007 3672 1032 3736 8,
1041 3672 1065 3736 3,
1073 3672 1116 3726 88.

143 3760 261 3811 cumulus
272 3776 302 3810 eu
317 3759 475 3811 abundanti.
500 3758 663 3811 Tertullian.
679 3757 712 3807 do
727 3757 815 3807 Carne
829 3752 871 3807 25.
906 3756 965 3807 116.
974 3757 1115 3826 Spalding.

144 3843 180 3897 ad
196 3843 305 3909 Quinet.
316 3841 376 3906 4,5,
386 3840 427 3895 15.
454 3839 576 3894 Brissoa.
587 3842 620 3893 66
630 3842 710 3893 Verb.
720 3859 740 3892 s.
755 3859 779 3907 p.
790 3841 831 3892 11.
860 3842 909 3892 Ee
927 3842 1116 3905 affluenti,

143 3929 163 3981 i.
174 3945 197 3979 e.
208 3928 361 3979 affluenter.
384 3926 474 3979 Tacit.
491 3926 563 3979 Ilist.
578 3926 603 3991 1,
614 3926 657 3978 51.
676 3926 723 3977 ubi
738 3924 887 3977 Ernestins.
915 3925 967 3975 Ex
984 3932 1115 3990 aperto.

143 4014 241 4065 Senes.
261 4011 323 4064 1161.
346 4016 449 4079 quaest.
472 4010 497 4064 4.
520 4010 608 4079 praei.
625 4008 650 4063 5.
671 4013 740 4063 alias
762 4010 917 4062 adulatione
938 4008 1117 4071 clausaretur,

143 4114 237 4166 parces
254 4098 323 4153 alius
337 4113 371 4151 ex
385 4103 490 4166 aperto,
508 4096 610 4166 palera.
639 4094 693 4148 866
709 4092 877 4165 aliquantum
888 4090 1017 4144 differunt
1029 4090 1116 4144 haee:
