2618 4770
111 250 155 316 30
525 233 749 302 ouusnvn.
775 182 778 189 ⁵

116 409 173 468 sut
188 391 327 482 intelligi
338 390 458 469 debet.
499 390 606 478 Atque
628 387 822 478 significatio
843 385 996 457 vocabuli
1019 397 1169 454 ceterum

106 478 232 555 ‘eodem
249 489 382 555 munet,
405 498 505 566 quam
522 478 664 544 vidimus
688 499 722 542 n.
741 482 770 542 1.

227 601 290 658 niv.
306 600 340 665 2,
354 597 387 663 3,
402 598 428 649 1.
452 615 531 666 auum
558 597 633 649 lsaud
658 597 836 672 cuiquamin
857 596 936 650 dolio
958 600 1040 662 esset,
1074 595 1170 649 bellum

181 690 217 746 al
236 685 390 755 Tarquiniis
404 683 553 747 imminere,
572 682 602 733 id
617 683 721 750 quidem
736 699 781 750 spe
799 682 913 734 omnium
928 681 1010 734 serius
1026 683 1102 748 fuit.-
1129 701 1170 736 ce-

182 782 284 838 terum,
302 772 332 823 id
345 766 414 839 quod
428 785 483 820 non
496 767 641 830 timebant,
655 783 705 835 per
721 768 810 820 dolum
835 783 866 818 oc
886 768 1065 836 proditionem
1087 784 1171 835 prope

183 860 296 911 libertus
311 853 410 909 amissa
424 859 469 904 est.
488 850 523 915 1,
535 847 573 915 ὃ,
589 849 616 904 9.
635 851 682 902 uli
696 858 721 904 et
735 853 860 923 peditum(
868 852 972 920 quidem
987 853 1081 903 robore
1104 859 1171 904 cete—

90 974 95 983 ·
182 959 243 996 sum
259 939 379 1008 equitatu
394 943 472 988 aucto
487 950 573 1002 cuspes·
584 936 729 1003 plurimum
744 951 857 989 romanu
872 937 942 989 acies
953 937 1049 988 uoluit.
1070 936 1171 987 Florus

183 1025 218 1091 8,
234 1021 327 1091 1,11.
348 1028 373 1074 et
393 1021 505 1073 Zamam
523 1019 627 1088 quidem
637 1022 747 1087 frustra
771 1019 818 1072 diu
841 1021 940 1072 uoluit:
959 1027 1071 1071 ceterum
1097 1022 1171 1073 Tisa-

183 1111 240 1163 lcm
253 1123 366 1179 grauem
380 1105 463 1164 armis
476 1106 665 1174 thesaurosque
679 1105 752 1175 regis
768 1104 888 1173 diripuit.
923 1099 995 1157 Plio.
1013 1104 1081 1156 Pon.
1098 1103 1124 1169 5,
1142 1105 1168 1160 4.

183 1197 267 1249 turla
280 1219 317 1231 ·-
339 1190 389 1243 illa
404 1188 527 1257 quidem,
557 1196 592 1241 ut
614 1196 678 1241 tunc
699 1190 863 1242 arbitratum
885 1189 978 1253 deum,
1004 1196 1115 1241 ceterum
1139 1199 1171 1244 ut

186 1266 276 1333 docuit
290 1282 397 1328 euentus
418 1281 445 1326 te
463 1273 641 1344 consalutauit
661 1274 856 1340 imperatorem.
871 1273 933 1326 niv.
948 1271 998 1336 42,
1013 1272 1060 1338 26,
1078 1267 1103 1326 9.
1124 1293 1171 1327 ue-

183 1369 282 1418 nerant
299 1358 401 1413 Rhodii
412 1356 497 1426 legati
515 1356 553 1407 ad
563 1357 712 1424 purgando
728 1373 777 1421 ea,
796 1375 863 1425 puae
878 1359 960 1428 uulgo
974 1358 1070 1409 iactari
1084 1359 1117 1409 dc
1131 1361 1170 1410 ci-

184 1448 270 1501 uitate
284 1445 418 1496 solebant:
437 1447 550 1491 ceterum
569 1446 690 1491 senatum
711 1440 745 1491 iis
767 1442 829 1492 dari
840 1480 849 1506 ‚
869 1460 948 1510 quum
972 1442 1033 1494 noui
1054 1447 1169 1498 consules

184 1530 377 1599 magistratum
396 1523 521 1589 inissent,
548 1524 658 1592 placuit.
691 1523 726 1589 il,
744 1523 795 1588 tl,
811 1521 837 1577 6.
863 1542 892 1576 eo
914 1543 969 1577 rem
992 1545 1019 1578 se
1040 1536 1168 1580 uetustate

184 1613 383 1674 oblitteratam,
405 1614 517 1660 ceterum
529 1624 593 1661 mae
607 1607 748 1661 memoriae
764 1607 880 1674 infixam
897 1609 1011 1674 adferre.
1047 1611 1089 1676 22,
1102 1613 1128 1677 2,
1143 1614 1170 1666 2.

184 1712 264 1765 quum
281 1695 357 1747 aliud
375 1693 498 1762 longius,
516 1701 628 1745 ceterum
645 1693 803 1770 commodius
818 1688 999 1744 ostenderetur
1015 1693 1072 1746 iter.
1103 1699 1171 1751 Flu.

183 1796 231 1832 rus
243 1778 278 1844 3,
294 1775 369 1842 ὄλ.
385 1793 506 1830 caussam
522 1778 626 1844 quidem
642 1776 714 1829 illius
731 1777 792 1828 belli
809 1774 1000 1846 praetersderat
1014 1781 1087 1846 apud
1105 1784 1171 1836 Cas-

186 1866 255 1916 sium
273 1864 408 1932 legatum,
436 1863 576 1914 attrectari
588 1861 714 1912 terminos
737 1878 797 1913 suos
816 1880 834 1914 a
850 1861 998 1914 Nicomede
1019 1864 1168 1933 bitlspnicoe

185 1956 304 2002 ceterum
332 1948 417 1998 elatem
439 1945 537 1997 animis
564 1945 719 2015 ingentibus
741 1947 822 1998 Asiae
840 1948 939 2012 totitas,
970 1954 997 1999 et
1023 1949 1047 2000 si
1074 1960 1169 2018 posset,

146 2060 152 2067 -
186 2034 314 2099 Europae
339 2029 483 2098 cupiditate
504 2031 657 2099 flagrabat.
692 2030 783 2083 'Iuvit
805 2032 873 2084 dnn.
889 2031 923 2096 1,
939 2030 982 2084 st.
1005 2037 1106 2101 sequuti
1126 2028 1188 2089 ea-'

187 2118 302 2186 emplum
317 2113 438 2167 vucrani
450 2113 524 2166 laud
542 2115 625 2170 multo
637 2119 698 2182 post
716 2115 746 2167 in'
765 2116 891 2169 Raetiam
913 2117 1069 2184 mittuntur,
1088 2124 1171 2188 specie

187 2201 370 2270 defendendae
382 2198 536 2266 prouinciae
551 2200 582 2252 os
603 2200 763 2261 imminentis
785 2203 896 2253 Sueuos.-
915 2209 1026 2254 ceterum
1050 2210 1081 2255 ut
1098 2208 1170 2258 auel-

187 2288 304 2340 lerentur
324 2285 426 2337 castris.
453 2282 472 2335 i.
491 2300 515 2336 e.
542 2280 634 2351 specie
659 2283 769 2351 quidem
793 2285 981 2338 defendendae
1001 2289 1169 2358 provinciae,

158 2365 161 2380 '
188 2373 237 2427 sed
252 2388 285 2424 re
301 2386 379 2434 vera,
400 2371 431 2419 ut
444 2369 632 2420 avellerentur
646 2368 752 2422 castris.
788 2369 832 2422 Ito
849 2370 932 2425 etiam
951 2370 1002 2436 15,
1013 2371 1056 2425 52.

67 2570 70 2574 .
203 2506 243 2571 Id
261 2505 306 2568 im
334 2503 427 2569 rimis
443 2498 480 2565 fit
497 2505 894 2591 flefflllllllsslfflllffis
910 2515 943 2569 et
965 2507 998 2568 in
1014 2528 1051 2569 re
1070 2519 1170 2592 certo,

119 2611 203 2678 quoe
230 2527 578 2675 ἀυδίαξ-ᾦροηίιω,
598 2600 653 2656 out
676 2612 754 2679 cum
775 2593 885 2678 parvis
908 2590 959 2656 vel
981 2592 1168 2660 minoribus

62 2730 69 2739 .
116 2677 216 2743 rebus
234 2675 458 2763 componitur.
539 2756 541 2763 J
721 2684 725 2697 ¹

222 2795 283 2849 niv.
298 2793 331 2860 9,
346 2794 398 2860 21,
413 2792 439 2846 1.
456 2794 572 2847 consules
584 2795 658 2849 eritu
678 2795 745 2848 unni
759 2813 813 2847 usn
829 2797 976 2848 oonsulibus
998 2798 1031 2850 ab
1053 2815 1079 2849 se
1095 2817 1169 2852 crea-

185 2883 236 2946 tis,
257 2883 303 2949 Sp.
322 2881 422 2933 Natalia
437 2885 462 2930 et
477 2880 515 2932 M.
532 2881 664 2949 Popillio,
681 2888 792 2932 ceterum
808 2881 936 2944 *dictatori
954 2882 985 2935 11.
1003 2884 1115 2934 Aemilio
1132 2886 1171 2936 le-

185 2967 279 3036 giones
297 2966 474 3017 tradiderunt.
497 2962 653 3029 28‚11‚7.
671 2965 700 3014 id
722 2981 880 3032 quamquam
899 2966 967 3016 nihil
986 2969 1170 3033 portendenti-

189 3051 237 3101 bus
253 3050 322 3122 tiis.
335 3058 452 3101 ceterum
464 3050 638 3120 neglegentia
653 3048 771 3099 humanu
792 3049 940 3114 occiderat3
964 3056 1053 3102 tamen
1071 3060 1097 3103 et
1121 3054 1167 3104 lso⁴

185 3133 245 3186 stiis
266 3135 410 3186 maioribus
431 3135 575 3203 procurari
597 3138 625 3186 el
647 3132 863 3200 supplicationem
896 3134 933 3187 ad
962 3135 1055 3186 Vestae
1076 3137 1169 3192 lsaber‘s

185 3217 295 3284 placuit.

222 3318 295 3371 Plin.
321 3314 493 3383 Pontus
516 3320 656 3386 praeterea
678 3325 709 3377 ut
728 3318 844 3389 quisquis
862 3322 956 3385 suctus
977 3325 1016 3371 est
1036 3321 1168 3390 princeps,

177 3404 317 3471 'cntempla
326 3406 408 3468 sarna
423 3403 493 3466 eius,
511 3403 639 3456 incertum
661 3404 729 3456 loun
752 3423 788 3456 an
807 3406 898 3469 mala,
923 3409 1035 3456 ceterum
1058 3411 1169 3460 aeterna

187 3493 234 3540 est.
271 3486 362 3540 Tacit.
376 3487 426 3552 12,
439 3485 482 3552 59,
499 3505 588 3555 pauco
603 3491 809 3558 repetundarum
825 3482 955 3552 crimino,
974 3497 1085 3543 ceterum
1109 3509 1168 3546 ma-

189 3571 267 3638 gicas
280 3573 476 3648 superstitiones
489 3573 644 3626 alienabat.

206 3703 309 3795 Saepe
323 3716 435 3770 tomen
452 3708 550 3773 etiam
566 3731 679 3774 sensus
695 3707 787 3773 reddi
806 3719 917 3796 potest
932 3710 1036 3776 verbis
1052 3709 1096 3774 ol>
1111 3713 1171 3795 al:

39 3866 50 3887 l
98 3795 337 3879 Jssfflpafies
370 3793 505 3859 accedit
527 3793 570 3859 ab
592 3797 705 3861 alteru
722 3806 845 3879 parte,
868 3794 1168 3883 quamquam‚''ubi

122 3875 229 3938 oratio
247 3877 364 3965 insistit
379 3877 455 3943 huie
473 3880 568 3945 alteri
586 3882 691 3968 parti,
714 3881 1010 3948 alteram-'missam
1032 3880 1168 3964 socienS,

120 3958 208 4021 redit
220 3961 296 4040 illc,
319 3985 417 4050 quom
437 3987 537 4052 supro
553 3967 783 4054 exposuimus,
808 3967 875 4042 vis,
895 3965 993 4032 uobis
1019 3969 1166 4035 redden-

121 4041 162 4109 da
175 4066 238 4134 per
256 4047 614 4143 auganensium,
634 4051 824 4143 abgeselsen
839 4049 963 4120 dorca.
1069 4092 1071 4096 -
