2618 4770
395 252 554 342 anana.
578 229 760 340 unum.
792 232 794 237 ⁴
1071 238 1117 367 15²
1162 294 1173 307 ”

10 422 13 477 l
57 430 188 500 modum
216 428 448 516 cogitationis,
482 447 549 514 quo
576 449 651 510 rem
673 449 751 497 vere
774 425 820 492 sic
845 447 881 493 ac
908 427 1033 500 babere
1056 448 1113 504 aut

56 519 154 586 videri
174 514 397 579 affirmamus.
447 512 534 578 Illud
555 513 895 601 requirit-notionem
920 512 1054 604 plenam
1079 535 1114 589 et

54 600 274 681 vocabulum,
296 602 389 688 quod
402 621 465 687 per
486 620 522 664 ae
537 611 684 665 eonsten
705 598 773 689 lace
797 603 986 670 continetur
1001 610 1040 673 in¹
1059 610 1112 676 iu-

57 692 134 757 dicio
153 686 423 767 conformando,
445 695 478 749 et
500 684 695 752 adverbium
715 674 872 779 colmere}
895 695 1112 773 cungaejegbo,
1141 740 1147 759 ,

58 775 130 843 lllud
163 773 280 838 Latini
313 764 854 860 exprimunt'ffier'l'o‘slid'c‘
869 764 984 840 dicunt
1009 793 1112 849 certe.

57 864 232 947 Vtriusque
246 859 398 924 vocabuli
414 858 507 944 origo
524 868 556 922 et
575 845 736 924 foi'ffialio
759 868 880 946 sponte
904 882 961 926 sua
984 863 1151 932 intelli2““”

70 948 146 1012 tur.
204 943 273 1010 Sed
296 945 432 1030 antiquo
459 954 614 1030 tempore
645 946 823 1032 scriptores
856 967 927 1011 non
957 964 1111 1019 accurate

50 970 291 1111 distinxerunt,
317 1040 356 1094 ut
377 1028 490 1117 paullo
520 1038 601 1116 post
630 1029 945 1099 demonstrabimus.
1000 1037 1111 1104 Num-

51 1140 147 1205 quam
163 1127 283 1181 tamen
298 1126 390 1181 certo
405 1137 469 1202 pro
485 1125 576 1179 certe
593 1113 770 1198 dixerunt,
791 1125 830 1209 ut
846 1117 952 1184 visum
966 1132 1016 1188 eet
1029 1125 1110 1191 Mo.

49 1225 120 1270 sero
140 1203 186 1279 ad
202 1203 271 1268 Cic.
287 1201 328 1267 de
343 1201 476 1288 Repub.
495 1206 532 1282 1,
546 1203 578 1266 5.
600 1223 635 1288 p.
649 1205 703 1266 27.
791 1235 801 1243 ··

150 1337 315 1408 Her-nogion
338 1337 373 1391 ed
396 1339 475 1391 Caes.
497 1336 532 1389 de
549 1334 622 1390 Bell.
644 1336 716 1406 gall
734 1333 767 1404 6,
781 1335 824 1390 31.
848 1335 971 1392 iterem
997 1341 1109 1398 dubiam

113 1433 286 1494 componere
299 1428 412 1476 conatus
429 1429 485 1476 eata
506 1431 575 1476 certe
593 1423 695 1476 referri
716 1422 926 1478 aduniversam
940 1441 1000 1478 rem
1023 1431 1051 1479 et
1074 1427 1110 1479 ad

115 1517 208 1565 totam
223 1509 409 1576 sententiam,
430 1515 500 1562 certo
517 1503 552 1563 od
568 1527 653 1563 unum
669 1506 872 1578 praedicatum
902 1511 982 1563 Haec
995 1516 1027 1563 ut
1040 1527 1110 1566 vera

117 1596 218 1665 probat
243 1595 371 1648 Moserue
394 1595 432 1648 ud
454 1593 511 1648 cic.
535 1595 569 1647 de
589 1581 707 1664 Republ.
731 1593 763 1659 1,
786 1591 813 1647 5.
856 1595 893 1647 At
916 1611 971 1647 uon
992 1593 1109 1664 speeies,
1157 1614 1161 1625 ·

118 1681 166 1734 aed
183 1662 259 1734 latio
279 1680 407 1734 dictionis
427 1686 488 1733 erat
510 1679 686 1748 exponendo,
711 1696 781 1747 quae
808 1678 919 1748 quidem
946 1680 976 1732 in
998 1683 1110 1734 confor-

118 1767 221 1819 mando
236 1765 338 1818 iudicio
362 1765 453 1834 posita
477 1769 534 1818 cst:
555 1764 677 1833 alioquin
699 1778 754 1817 non
774 1769 865 1833 potest
881 1764 1019 1835 intelligi,
1031 1783 1110 1836 -quo-

116 1851 202 1904 modo
217 1851 284 1916 liat,
303 1854 418 1904 utterte
435 1850 539 1904 indicet
553 1850 718 1919 opinionem.
752 1850 871 1903 Beierus
885 1856 977 1904 autem
998 1851 1028 1903 iu
1042 1853 1110 1905 Iah-
1210 1908 1212 1913 A

117 1935 160 1988 nii
178 1934 418 2000 nnua1.1827.1‚
440 1935 465 1988 3.
482 1954 509 2004 p.
527 1933 569 1988 32.
588 1935 729 1988 existimat
750 1935 780 1987 iu
800 1935 851 1988 illa
874 1935 1108 1990 demonstratione

115 2020 250 2075 omissum
267 2036 327 2072 esee
342 2020 523 2090 praecipuum
536 2021 605 2091 boc,
624 2021 696 2089 quod
715 2028 784 2072 certo
809 2037 864 2074 non
884 2020 1015 2089 respiciat
1037 2021 1129 2074 alian.
1153 2048 1158 2057 ·

119 2123 183 2172 rea,
201 2113 270 2158 certe
285 2104 315 2157 id
327 2105 446 2171 indicet,
467 2105 540 2174 quod
554 2104 639 2157 alicui
652 2104 696 2157 rei
717 2121 785 2172 prae
805 2105 869 2163 eliis
894 2106 977 2158 rebus
1002 2110 1109 2162 certam

121 2191 306 2246 conditionem
328 2189 440 2244 tribnat.
476 2190 555 2257 Quod
570 2206 624 2260 quo
638 2189 719 2242 modo
736 2195 764 2242 et
779 2206 828 2243 cur
844 2191 909 2255 fiat,
927 2207 981 2244 nou
997 2189 1084 2244 andiu

133 2327 162 2395 Ι.
207 2333 239 2393 1.
264 2325 364 2391 Certo
385 2326 552 2414 igiturest
571 2326 606 2390 in
622 2337 731 2410 certo,
751 2348 812 2416 per
827 2296 974 2407 certum,
992 2337 1024 2394 et
1031 2350 1108 2479 ὅο-

1062 2437 1109 2502 p.

52 2416 146 2481 oitur
167 2436 233 2502 pro
260 2435 299 2478 re
320 2433 398 2478 vera
414 2423 469 2477 aut
490 2423 584 2478 extra
609 2413 848 2479 dubitationem
871 2414 987 2502 posita.

52 2502 190 2589 ponitur
209 2498 263 2578 id,
294 2497 385 2584 quod
400 2497 539 2564 dubium
562 2510 618 2563 aut
636 2500 825 2587 speciosum
844 2511 898 2563 aut
917 2499 1110 2585 negandum

53 2588 194 2652 videtur.
225 2585 296 2649 Nos
311 2584 449 2649 dicrmus
465 2587 503 2650 in
524 2583 580 2648 W
576 2587 721 2665 abrlaeit,
742 2586 858 2650 iader
877 2585 979 2661 Thau,
1002 2579 1110 2651 wirb-

55 2673 131 2738 licb.
174 2671 264 2736 Nam
279 2668 318 2733 fit
334 2681 444 2737 centua
459 2695 477 2735 a
494 2691 614 2744 cerno,
635 2674 798 2758 'quoniam
815 2673 869 2752 id,
891 2670 983 2758 quod
1003 2671 1109 2737 oeulis

58 2759 238 2838 cernimus,
267 2777 402 2834 verum,
433 2779 504 2823 non
529 2756 669 2822 dubium
692 2780 760 2822 esse
790 2766 956 2845 putamus.
999 2756 1112 2844 'Apud'

60 2857 202 2941 oratores
231 2863 301 2907 non
323 2841 429 2909 multa
452 2845 666 2931 reperiuntur
687 2843 862 2932 exempla:
896 2842 995 2931 plura
1017 2840 1108 2929 apud

62 2952 213 2997 conucos.

165 3067 258 3121 Pleul.
270 3029 359 3142 'Poena
375 3061 410 3130 3,
425 3061 460 3130 5,
475 3061 519 3119 42.
536 3081 606 3118 nune
620 3060 668 3135 pol
681 3080 731 3138 ego
747 3065 819 3136 perii
838 3069 924 3132 cerlo,
943 3066 1018 3121 baud
1032 3065 1107 3143 urbi-

10 3218 12 3223 ·
120 3153 214 3207 traria.
230 3150 249 3204 i.
267 3168 292 3203 e.
309 3167 364 3202 non
381 3155 438 3214 est,
458 3149 530 3219 quod
547 3151 689 3220 quiequam
704 3152 778 3205 dicet
791 3160 822 3215 se
837 3151 968 3206 arbitrari
984 3170 1029 3206 me
1041 3170 1108 3221 paud
1214 3163 1219 3172 “

119 3232 202 3301 iisse,
219 3240 251 3288 ut
272 3241 349 3288 reate
362 3227 520 3289 Lambinus.
562 3234 676 3288 Terenb
696 3237 767 3289 Eun.
787 3234 821 3302 b,
837 3237 869 3304 1,
890 3237 916 3290 9.
940 3239 1023 3307 atqui,
1036 3244 1108 3292 certo

122 3321 243 3391 comperi.
282 3321 353 3373 Hec.
378 3320 411 3385 4,
434 3309 468 3386 2,
498 3310 541 3374 19.
561 3327 631 3373 celto
652 3321 763 3373 decrevi«
796 3321 887 3375 Plaut
907 3315 1007 3391 Amph.
1031 3322 1107 3389 1‚1,

121 3403 181 3460 213.
200 3398 470 3474 otmmtirieetiama
489 3412 558 3458 auto
571 3397 692 3473 pedibus,
708 3423 763 3457 aaa
775 3407 872 3461 tentate
883 3409 965 3461 uenia.
979 3406 999 3460 i.
1011 3420 1037 3461 ε.
1051 3392 1107 3462 non
1180 3402 1183 3409 ’

121 3495 210 3561 potent
233 3485 340 3558 negari.
376 3478 451 3542 Prol.
466 3484 509 3542 93.
531 3488 671 3558 praetereo
695 3498 764 3546 certo
786 3493 926 3559 proditio
951 3493 1106 3563 tragoedia.

120 3573 180 3629 be.
196 3568 232 3626 de
248 3591 300 3643 quo
315 3591 352 3628 uo
367 3574 427 3644 quia
448 3568 563 3629 dubitet

164 3677 258 3732 Plaut.
274 3678 373 3747 Amph.
388 3679 423 3744 1,
439 3675 473 3745 1,
489 3677 551 3731 176.
569 3678 637 3732 milri
656 3683 832 3732 certamnen
854 3677 932 3733 Sosia
948 3684 995 3734 etti
1029 3679 1107 3734 lllon.¹

10 3796 12 3801 ·
121 3762 155 3826 2,
168 3763 201 3828 2’,
219 3761 263 3814 39.
280 3781 345 3817 nom
358 3771 389 3817 tu
407 3765 512 3835 quidem
526 3765 613 3816 berete
627 3768 696 3818 certo
712 3781 856 3830 aoneaaaa
869 3766 944 3831 actia
962 3763 1105 3818 Menaech-

10 3850 13 3861 '
122 3865 180 3912 me,
197 3849 243 3918 qai
256 3851 412 3918 acccipere
425 3850 569 3902 maledicae
589 3851 648 3903 titt.
682 3838 769 3902 Stich.
788 3848 822 3914 1,
836 3847 870 3915 ὃ,
887 3848 930 3904 86.
971 3850 1107 3909 Restituit

28 3932 32 3938 '
123 3932 266 3987 Bentleina
279 3933 310 3986 iu
331 3933 444 3989 Terenti
459 3933 572 3988 Pharm.
588 3932 672 4000 1,3,
688 3932 732 3987 12.

140 4062 145 4068 ·
168 4034 227 4091 cic
242 4034 379 4101 Tmen,
393 4035 447 4101 ²8,
466 4036 596 4116 81.-aa'bil
613 4037 654 4090 ita
670 4038 834 4106 uacuare,
850 4018 1106 4105 miceriam*

10 4126 14 4147 ¹
123 4134 192 4177 m.
222 4121 361 4194 Βςιιίᾰοιι
373 4136 430 4177 nou
442 4126 558 4194 moab,
575 4138 632 4196 quo·
644 4123 726 4179 moda
742 4119 898 4191 Moeeroia
910 4122 1031 4179 mentm
1055 4140 1107 4176 ve·
