2618 4770
133 254 199 327 464
424 276 431 289 Χ
597 242 730 315 ERGO.

238 406 338 477 virgil.
355 405 423 459 Aen.
437 403 464 470 6,
476 401 538 458 382.
563 356 605 456 tii
620 403 699 457 dictis
715 414 797 457 cusae
810 408 912 457 amoma
923 402 1075 477 putresque
1084 420 1199 479 μω..

200 506 251 568 per
266 492 344 547 eorde
364 492 440 542 dolor
459 491 547 543 tristi:
573 491 678 559 gaudet
698 486 855 559 cognomine
873 496 958 545 nna.
993 490 1079 561 Ergo
1092 492 1199 547 iterim

84 592 92 609 ⁸
200 587 306 650 ceptum
318 583 464 646 peragunt.
482 574 501 627 i.
510 592 533 626 e.
552 574 624 626 hace
639 579 700 627 erat
715 578 820 639 caussa,
834 578 866 627 ut
879 588 930 630 ·'-.
955 574 1009 629 Sil.
1025 574 1194 645 lanima

156 688 168 703 ²
202 682 270 735 ergo
284 663 380 732 egitur
395 660 480 728 ruptis
489 676 619 729 praeceps
631 660 761 713 exercitus
775 660 868 713 armis.
891 660 919 727 4,
931 660 995 716 m.

217 770 250 831 8.
273 763 361 829 Guil.
373 764 533 827 Canterus
573 750 653 824 uum
668 760 703 825 in
718 758 803 828 Nor'.
818 761 960 842 Lect..4‚
972 766 1029 829 26.
1049 760 1191 829 demon-

133 851 321 930 stravisset,
360 873 397 914 εν
424 871 444 911 o
466 870 529 936 pro
550 784 685 911 deinde
700 848 801 933 poni,
829 848 1015 913 admodum
1041 849 1143 915 multi
1163 852 1189 917 ei

133 943 360 1007 assenseruntz
416 935 594 999 aubmann.
611 932 651 997 ad
668 930 773 997 Plaut.
789 932 889 999 Most.
904 938 936 1015 2,
956 940 985 1014 1,
1001 939 1058 1000 33.
1088 935 1187 1004 Cerds
1219 1012 1221 1021 ¹

132 1025 176 1090 ad
199 1021 317 1110 Virgil.
349 1022 430 1085 Aen.
455 1025 485 1096 6,
512 1023 587 1084 382.
625 1016 874 1100 Broukhusius,
910 1020 1127 1085 Burmannus
1150 1022 1184 1089 sd
1219 1088 1221 1105 ,

129 1110 285 1197 Propert.
304 1113 336 1191 3,
352 1112 384 1187 2,
400 1111 452 1173 29.
473 1105 539 1170 alii.
584 1104 661 1184 Quo
679 1127 777 1170 sensu
793 1106 938 1193 Scaliger
961 1107 996 1171 in
1015 1105 1181 1175 Catalectis
1219 1124 1221 1165 ἰ

160 1201 253 1262 ,271
271 1192 502 1280 ceperit,'non
519 1191 595 1255 satis
611 1191 724 1279 liquet.
767 1195 809 1256 At
826 1192 860 1257 in
877 1194 1102 1280 argumentis,
1114 1188 1181 1283 qui*

129 1218 196 1351 tus
220 1282 379 1344 Canterus
405 1288 436 1342 et
467 1277 586 1364 reliqui
619 1298 713 1341 suam
744 1279 942 1366 opinionem
965 1280 1179 1367 comprobare
1218 1306 1221 1365 ῃ

128 1367 349 1446 studuerunt,
380 1363 510 1427 nullum
534 1373 620 1440 erat,
653 1362 745 1450 quod
768 1386 837 1428 non
862 1386 925 1451 per
948 1388 984 1428 se
1007 1378 1178 1433 corrueret.

54 1516 60 1527 ,
130 1454 219 1520 Nam
237 1451 327 1538 quod
346 1446 460 1514 Festus
476 1451 538 1527 ait,
565 1448 676 1535 igitar
690 1445 851 1536 proinde
866 1460 898 1514 et
909 1462 1036 1537 posteo
1052 1452 1133 1535 diei,
1150 1452 1178 1518 id
1203 1504 1209 1525 .

115 1536 118 1541 ’
130 1540 162 1605 si
175 1560 292 1606 verum
304 1545 406 1615 esset,
423 1546 534 1598 tamen
546 1557 615 1597 non
631 1533 671 1597 ad
682 1535 878 1600 vocabulum
895 1560 980 1623 ergo
995 1541 1177 1623 pertineret,

157 1625 226 1688 uod
243 1622 422 1687 caussalem
439 1618 713 1706 significationem
727 1643 911 1708 numquam
930 1624 1078 1687 omnino
1090 1626 1177 1690 exuit.

166 1730 224 1774 um
238 1731 316 1773 vero
334 1702 422 1792 quod
433 1707 549 1769 Cicero
566 1726 720 1790 graecum
739 1702 800 1771 εἶτα
818 1710 1013 1795 plerumque
1030 1704 1092 1796 per¹
1106 1734 1178 1799 ergo

127 1794 269 1862 vertisse
285 1793 423 1868 dicitur,
451 1790 578 1855 factum
602 1801 651 1854 est
672 1791 740 1855 hoc
764 1796 799 1857 in
823 1795 862 1858 iis
886 1795 986 1873 locis,
1010 1796 1176 1883 inquibus

127 1877 196 1947 sira
209 1877 504 1964 consequutionem
515 1877 657 1962 aliquam
674 1877 876 1965 designabat.
897 1881 1051 1965 Denique
1066 1883 1175 1959 onmia,

130 1987 217 2054 quae
241 1963 443 2044 afferuntur,
474 1963 628 2050 exempla
651 1985 723 2028 non
747 1976 837 2032 recte
859 1967 1009 2054 exposita
1031 1978 1110 2032 sunt
1129 1979 1175 2034 aut

130 2053 348 2140 corruptione
364 2049 528 2143 laborapt.
930 2071 935 2078 ·

235 2156 278 2206 De
290 2152 390 2221 Virgil.
405 2152 474 2204 Aen.
488 2150 514 2219 6,
530 2149 590 2204 382.
611 2151 692 2205 modo
707 2149 832 2204 diximus.
867 2154 909 2206 De
922 2154 986 2207 loco
999 2155 1098 2226 Eclog.
1108 2156 1175 2223 W.

201 2235 259 2292 via.
277 2255 304 2306 p.
317 2235 377 2299 443.
397 2236 430 2288 de
447 2236 538 2289 Plaut.
561 2236 623 2290 Cas.
638 2236 664 2303 3,
680 2237 705 2303 4,
721 2238 746 2292 9.
765 2256 792 2305 p.
808 2234 868 2291 450.
893 2239 928 2291 de
943 2241 1050 2295 Bacclr.
1064 2244 1089 2309 1,
1103 2243 1128 2309 2,
1140 2240 1174 2297 lt.

197 2343 226 2396 p.
237 2322 297 2377 451.
317 2323 428 2374 deloco
445 2336 529 2374 carm.
545 2321 574 2373 in
581 2322 706 2375 Maecen.
721 2342 747 2391 p.
757 2320 817 2376 454.
854 2322 1175 2396 Sed'l'ropert.3,3,(2)

197 2411 241 2464 24.
268 2411 310 2461 nic
326 2416 384 2460 erat
400 2409 491 2474 affinis
508 2404 602 2468 viridis
624 2409 751 2476 spelunea
772 2409 872 2477 lapillis
892 2412 1097 2482 pendebantque
1117 2414 1177 2466 eoois

195 2503 328 2563 tympana
347 2491 500 2561 pumicibus.
552 2493 630 2561 Ergo
655 2493 794 2544 lliusarum
823 2500 849 2546 et
879 2495 964 2546 Sileni
983 2500 1075 2564 patria
1096 2500 1176 2568 imago

189 2580 304 2649 fictilis,
329 2585 354 2629 et
376 2576 490 2641 calami,
511 2577 570 2628 Pan
586 2578 718 2646 Tegeaee,
745 2576 794 2628 tui.
830 2577 884 2629 voi
907 2577 955 2645 qui
978 2581 1118 2649 accipiunt
1132 2599 1175 2651 pro

196 2664 293 2716 deinde
309 2663 354 2713 vel
369 2668 440 2725 tum,
463 2661 524 2713 iure
541 2660 712 2730 castigantur
735 2678 751 2712 a
768 2662 954 2714 Lachmanno.
994 2656 1021 2717 Is
1039 2683 1106 2718 vero
1122 2682 1175 2718 cum

198 2747 312 2801 Gifanio
337 2746 379 2814 (in
399 2746 457 2798 Iud.
480 2746 670 2798 husteten.
690 2742 791 2814 igitur)
816 2745 969 2812 particulae
996 2749 1097 2802 tribuit
1119 2750 1175 2814 rim,

101 2845 104 2852 ’
195 2851 252 2903 qua
265 2832 380 2900 incipiat
400 2832 443 2884 rei
466 2831 665 2900 expositionem
686 2829 853 2882 uberiorem.
887 2830 1021 2898 Iacobus,
1040 2852 1121 2904 ergo,
1140 2835 1175 2887 in·

196 2918 274 2987 quit,
300 2917 444 2970 transitum
458 2924 539 2986 parat
563 2917 598 2968 ad
620 2932 680 2967 rem
702 2932 817 2983 gravem
832 2915 860 2965 in
877 2917 1094 2971 enumeratione.
1128 2918 1175 2972 Sul

194 3020 285 3071 neque
310 3003 443 3070 expositio
466 3008 506 3055 est
528 3000 639 3053 uberior
664 3000 707 3052 rei
729 3006 791 3051 ante
811 2998 868 3050 iam
891 2999 999 3064 dictae,
1025 3003 1074 3054 sed
1089 3004 1116 3059 in
1134 3003 1175 3055 ‹le-

195 3087 343 3154 scriptione
370 3088 516 3155 speluncae
538 3085 631 3137 media
652 3102 733 3152 pars,
763 3100 813 3134 nec
835 3083 929 3152 gravis
952 3086 1075 3139 cernitur
1093 3105 1137 3140 res
1151 3088 1176 3139 iu

194 3176 249 3225 hac
273 3172 493 3236 enumeratione,
529 3188 617 3238 neque
647 3170 686 3222 ita
708 3184 838 3236 umquam
865 3168 957 3220 Latini
980 3170 1090 3239 loquuti
1114 3179 1175 3225 sunt.

192 3257 272 3311 Nihil
290 3256 390 3308 certius
407 3263 470 3324 puto
491 3273 573 3324 quam
590 3255 617 3305 in
632 3254 762 3305 hocloco
778 3253 989 3320 corruptionem.
1036 3257 1074 3308 Et
1089 3262 1175 3310 narrat

197 3344 331 3395 Canterus
348 3339 475 3408 quidem,
495 3341 526 3391 L.
545 3339 706 3391 carrionem
722 3337 751 3389 in
770 3338 840 3388 :ioco
859 3338 978 3405 quodam
992 3340 1098 3408 legisse
1113 3344 1176 3395 illie:

194 3425 341 3479 Ferrarius
366 3425 440 3476 idem
459 3423 564 3475 invenit
590 3424 618 3475 in
642 3441 699 3476 suo.
737 3425 866 3475 Ceterum
891 3422 1029 3476 mirabilis
1050 3433 1094 3480 est
1111 3430 1176 3480 Bur-

191 3510 285 3563 manni
301 3509 472 3576 aliorumque
490 3506 738 3571 inconsiderantia,
768 3524 822 3574 qua
844 3523 872 3559 se
890 3524 945 3558 non
962 3507 1123 3580 intelligere
1137 3513 1175 3564 ia·

193 3602 302 3658 lentur,
329 3588 378 3645 eni·
395 3594 585 3646 Broukhusius
608 3593 758 3645 locutiones
774 3592 842 3657 has,
866 3594 982 3661 pendere
998 3603 1099 3661 antra,
1116 3615 1176 3667 pen-

192 3681 287 3732 dentia
309 3687 378 3732 tecto
400 3678 598 3743 illustraverit,
625 3678 732 3746 ipsique
754 3687 885 3746 tympana
909 3678 1128 3746 interpretantur
1147 3680 1177 3732 do

192 3763 381 3816 instrumentis
401 3763 521 3815 musicis.
557 3762 672 3814 Scilicet
688 3769 770 3830 pocta
784 3760 853 3816 dixit
874 3769 1006 3833 tympana
1024 3764 1053 3816 in
1067 3764 1175 3834 fastigio

191 3850 339 3918 speluncae
363 3866 397 3899 ex
418 3847 574 3916 pumicibus
592 3850 684 3912 facta,
707 3849 742 3900 ef.
758 3848 863 3900 l'itruv.
878 3847 905 3913 3,
919 3847 946 3912 5,
964 3848 1006 3901 13.
1029 3855 1058 3902 et
1074 3858 1177 3903 senten·

190 3934 261 3986 tiam
276 3932 396 3985 similem
418 3932 567 4002 expressit,
596 3950 678 4001 quam
700 3932 746 4001 qui
764 3932 835 3984 inest
849 3931 877 3983 in
892 3932 985 3984 verbis
1003 3933 1101 3987 Ovidii
1114 3936 1177 3989 uer.

189 4017 217 4082 ὃ,
232 4016 293 4071 159.
308 4019 412 4086 pumice
427 4019 487 4071 civo
507 4021 618 4071 dancrat
640 4036 740 4070 arcam.
771 4019 846 4069 Fast.
862 4017 888 4082 2,
903 4015 963 4070 315.
985 4019 1115 4088 laqueata
1129 4036 1178 4088 ps·

193 4101 260 4158 nice
280 4103 348 4158 civo.
383 4102 463 4172 Apud
480 4104 579 4159 Horat.
599 4103 657 4160 Sat.
673 4103 699 4169 2,
715 4101 741 4167 6,
757 4101 800 4156 40.
825 4118 891 4173 ergo
913 4119 998 4158 cerno
1019 4105 1109 4158 oritur
1128 4120 1178 4159 sos
