2618 4770
554 267 679 335 11111Μρ
714 321 717 327 .
1083 286 1154 353 599.

152 422 286 495 Sulpiela
302 422 362 478 Sat.
377 424 421 479 26.
446 425 511 495 pudo
527 432 679 494 mosmos
699 427 792 483 erico?
815 429 924 486 liceret.
938 433 963 499 1,
976 432 1036 490 oet.
1052 440 1093 491 ott
1105 458 1151 493 ce-

149 514 244 579 srrrct
256 510 337 563 caim.
371 510 470 563 Horat.
481 511 585 573 site,
601 511 627 576 7,
642 510 702 565 165.
721 520 799 584 tergo
812 516 914 585 plector
927 522 1005 575 eolm.
1034 524 1150 579 Plautus

152 596 227 649 adeo
248 601 373 648 extremo
395 596 548 649 sententiae
571 596 633 648 loco
655 596 685 649 in
704 597 872 653 Neruolaria
894 605 966 669 opud
980 607 1095 663 Varrou.
1114 610 1150 665 tl·

152 681 238 750 Lug.
255 681 304 732 lut.
320 678 345 744 6,
362 678 387 733 8.
407 681 542 733 scabinum
557 699 608 752 ego
622 683 697 735 illum
714 691 832 737 actutum
848 689 943 740 adreci
957 692 1034 744 caim.

151 790 154 795 '
194 784 285 837 Vnum
299 788 385 837 restat
402 785 559 852 exemplum
582 785 656 853 apuli
678 784 735 839 Cic.
755 786 789 838 ad
806 789 861 841 111.
878 790 920 857 14,
936 791 960 845 6.
985 796 1077 848 odiosa
1098 799 1149 853 illu

156 872 230 925 caica
246 873 378 938 foetent,
404 869 522 939 legiones
542 871 640 923 uenire.
664 870 698 922 de
716 888 770 940 quo
790 873 900 941 quidem
917 877 1044 932 dubitare
1059 880 1148 936 (lecet.
1249 934 1256 947 „

154 960 201 1013 De
223 958 286 1009 loco
308 954 342 1005 de
366 953 443 1006 Orat.
465 951 492 1016 2,
514 950 540 1016 4,
564 953 626 1009 218.
657 954 722 1007 vide
745 955 774 1008 in
797 974 905 1020 crium,
947 963 1005 1017 οἱ,
1029 965 1148 1021 ,10qu

154 1043 184 1109 1,
205 1040 249 1107 18,
277 1038 482 1106 lil.-multepue
511 1039 560 1091 loco
589 1038 683 1091 melius
713 1058 762 1092 nos
788 1044 925 1113 veriusque
952 1066 1030 1117 quam
1056 1052 1148 1105 stom,

156 1128 207 1181 Illi
219 1127 413 1195 eaimnogoot
433 1125 528 1175 bocum
543 1125 687 1193 quidquam
710 1142 779 1190 esec,
805 1128 859 1179 nisi
878 1132 965 1184 aucto
980 1152 1058 1201 quom
1072 1137 1148 1189 illum
1208 1159 1210 1163 ¹

158 1212 352 1265 umbramen.
396 1208 566 1261 Goerenzius
584 1208 762 1261 scribendum
783 1227 843 1263 ecce
859 1216 965 1268 censuit
982 1219 1023 1268 illi
1042 1228 1147 1288 negant

157 1296 229 1353 onim
255 1313 310 1348 ecee
338 1297 444 1347 bonum.
499 1309 553 1363 quo
582 1309 676 1344 sonoros
707 1292 740 1345 111
765 1293 895 1350 deterior.
943 1302 1015 1355 Nom
1046 1305 1146 1359 cim

158 1382 320 1437 universam
343 1379 500 1433 Stoicorum
524 1377 688 1438 sententiam
711 1378 851 1449 explicere
872 1385 950 1449 uult,
986 1403 1041 1439 non
1062 1406 1146 1443 unam

120 1490 134 1501 ··
156 1466 338 1537 negationem
351 1465 433 1517 ictam
447 1461 523 1517 boni.
597 1504 601 1511 .

193 1567 408 1624 Exeusotionom
424 1567 454 1620 in
467 1567 529 1637 ipso
546 1566 744 1622 vocabulorum
765 1575 865 1623 natura
888 1584 1051 1639 quaeramus
1074 1578 1147 1644 oputl

155 1656 219 1713 Iris.
235 1653 280 1719 45,
296 1652 340 1718 66,
354 1652 397 1706 16.
415 1655 466 1706 diis
481 1671 582 1723 quoqne
595 1654 681 1717 enim,
699 1671 754 1706 aco
767 1656 851 1706 colum
866 1656 1016 1709 horninibus
1029 1661 1145 1715 detetur.

155 1740 202 1807 22,
215 1740 242 1805 t,
258 1738 302 1791 12.
326 1739 367 1791 lois
389 1756 489 1807 quoque
511 1744 549 1791 est
571 1740 641 1790 enim
656 1747 834 1808 prorogatum
849 1738 878 1791 io
891 1740 985 1793 Sicilia
999 1744 1145 1812 imperium.

154 1824 201 1892 86,
221 1824 265 1889 21,
288 1822 314 1875 ’1.
340 1840 370 1874 co
392 1840 491 1892 puopue
513 1824 582 1875 enim
603 1823 745 1875 mittendos
760 1827 825 1890 fore
846 1824 957 1894 legatos.
992 1827 1035 1893 21,
1058 1830 1101 1895 22,
1118 1831 1145 1884 9.

155 1912 253 1966 Labeo
269 1908 298 1961 in
312 1907 420 1975 Digest.
437 1906 480 1972 16,
496 1906 556 1960 244.
575 1908 655 1960 simol
670 1915 750 1977 copae
765 1910 834 1961 enim
850 1910 935 1962 uictus
948 1912 1006 1979 puis
1020 1920 1058 1965 est
1075 1920 1128 1967 otc.
1238 1928 1241 1933 ·

196 2015 334 2083 Quartum
353 2011 657 2083 vocabulum2tamen
678 2008 712 2062 ob
732 2009 851 2064 notionis
872 2011 1006 2065 unitatem
1027 2018 1145 2072 secundo

118 2100 221 2175 ‘j'loeo
243 2096 362 2167 positum
385 2101 428 2149 ost
445 2097 514 2148 enim
531 2091 561 2147 in
578 2096 623 2147 his
638 2094 696 2148 cte.
716 2096 751 2147 de
767 2096 822 2149 011.
837 2096 863 2161 1,
879 2096 922 2162 26,
937 2095 981 2150 61.
1006 2100 1036 2150 io
1057 2120 1087 2154 eo
1109 2111 1147 2157 oct

105 2172 108 2197 ³
157 2184 230 2239 coins
249 2182 332 2247 illud,
351 2183 420 2251 quod
437 2187 490 2235 etc.
522 2180 548 2245 2,
562 2178 589 2245 7,
604 2178 647 2232 25.
666 2182 700 2232 cl>
720 2198 753 2233 cc
770 2188 807 2233 est
824 2181 894 2234 euim
907 2182 968 2251 ipro
984 2185 1145 2251 intersectas.

154 2268 194 2323 Ιο
216 2268 295 2321 Orat.
313 2266 357 2332 61,
377 2266 439 2320 266.
468 2282 523 2318 noo
544 2266 582 2317 cd
605 2280 687 2316 aanor
709 2266 779 2317 cuim
801 2284 855 2319 rem
879 2268 1012 2334 aliquam,
1040 2272 1086 2322 sed
1109 2273 1147 2324 cd
1186 2294 1190 2299 ·

155 2356 250 2427 plures
262 2352 483 2405 accommodatur.
518 2350 589 2403 Nam
601 2353 629 2400 ct
637 2348 804 2416 praepositio
815 2358 842 2401 et
850 2351 962 2418 negatio
973 2368 1027 2403 orna
1035 2353 1147 2409 notione

156 2454 270 2509 unoquo
285 2442 401 2490 accentu
418 2450 481 2488 cum
497 2433 584 2487 verbo
600 2434 757 2488 cohaerent.
791 2433 863 2488 Plio.
879 2436 948 2489 Pau.
963 2436 1007 2501 lt,
1022 2436 1048 2491 4.
1066 2456 1147 2507 quom

129 2566 136 2587 „
155 2524 304 2595 speeiem
321 2529 360 2576 cot
379 2523 455 2577 enim.

113 2632 171 2689 ap,
198 2626 345 2692 cursem,
373 2630 540 2694 quapropter
563 2624 633 2677 color
649 2620 775 2692 postponi
798 2623 902 2689 soleat,
927 2629 955 2677 et
974 2642 1053 2690 pom,
1076 2626 1149 2693 quod

114 2706 285 2767 &intudem
302 2709 339 2763 sit
356 2710 489 2779 originis,
508 2706 657 2778 praeponi,
674 2704 835 2760 Schellerus
850 2709 947 2761 Pracc.
962 2708 1020 2760 stili
1041 2725 1068 2776 p.
1085 2708 1146 2764 tto.

155 2798 233 2853 inter
256 2812 303 2849 cas
322 2797 426 2861 refert,
455 2813 526 2864 quae
543 2808 654 2863 prorsus
676 2809 725 2843 nos
748 2794 843 2844 latent.
878 2792 1020 2859 Zumptius
1044 2810 1071 2858 p.
1086 2790 1148 2849 2111.

157 2899 222 2936 voe.
237 2882 307 2934 caim
322 2898 383 2933 eam
398 2882 455 2933 vim
470 2879 584 2944 tribuit,
604 2893 659 2946 qua
672 2876 808 2928 rationem
823 2876 852 2929 iu
866 2894 919 2929 ouo
933 2878 1036 2944 verbo,
1055 2896 1109 2930 non
1118 2880 1148 2933 ie

156 2970 219 3023 coa
242 2965 377 3018 sententia
400 2962 534 3018 contineri
555 2959 667 3014 iudicet.
707 2959 745 3013 At
766 2965 852 3013 totum
875 2962 1038 3015 seutentiam
1061 2964 1148 3018 nectit

154 3050 325 3119 malique
342 3054 455 3118 arrepta
478 3054 506 3101 et
523 3046 652 3100 conclusa
673 3062 750 3098 voce.
784 3046 984 3100 Ramshornius
1000 3065 1049 3114 ca,
1076 3066 1148 3117 quac

155 3136 190 3191 in
211 3136 335 3189 Gramm.
358 3133 449 3204 prima
474 3132 594 3187 editione
623 3150 650 3200 p.
674 3126 734 3184 564.
765 3130 913 3199 scripserat
933 3131 968 3183 de
991 3131 1150 3203 significatu

158 3220 316 3293 particulae
330 3218 513 3288 praemissae,
538 3216 567 3268 in
591 3215 709 3268 secunda
730 3214 850 3282 delevit,
882 3221 910 3270 et
927 3235 956 3286 p.
970 3215 1030 3271 856.
1055 3219 1148 3273 omnio

157 3306 199 3363 od
213 3303 384 3375 antiquitatis
400 3321 479 3355 usum
497 3299 610 3365 retulit,
637 3301 685 3352 sed
698 3318 724 3368 p.
740 3296 801 3353 845.
818 3298 928 3368 docuit,
955 3304 1024 3357 ooc'm
1039 3320 1149 3373 sempor

157 3391 268 3463 postici
284 3390 449 3444 vocabulum
465 3384 547 3457 poni,
567 3387 640 3457 quod
657 3391 827 3441 momentum
844 3378 957 3443 caussae
971 3388 1147 3459 exprimeret.

157 3476 195 3533 ld
206 3495 260 3531 aon
277 3484 319 3530 est
333 3491 439 3527 verum.

180 3580 213 3645 5.
250 3578 305 3645 Ex
335 3600 402 3665 quo
434 3572 630 3640 Schoeferus
663 3574 705 3639 ad
735 3575 831 3639 Plinii
867 3573 973 3661 Epist.
1004 3576 1149 3645 Praefot.

105 3670 200 3731 ata
232 3664 287 3747 id,
319 3661 496 3752 quodiam
520 3662 678 3727 Erasmus
699 3661 740 3726 ad
763 3660 831 3725 Cic.
855 3658 922 3726 Oll'.
944 3668 976 3743 3,
1000 3668 1052 3726 17.
1083 3664 1148 3727 ob-

105 3761 299 3832 erraverat,
344 3747 518 3834 exposuit,
560 3748 695 3813 Latinos
729 3769 800 3811 non
836 3769 912 3810 raro
947 3749 1147 3835 particulam

105 3835 188 3901 cuim
234 3846 286 3901 ost
319 3837 456 3902 verbum
488 3842 538 3896 est
569 3826 765 3913 collocasse,
807 3835 1004 3921 praesertim
1033 3836 1067 3898 in
1091 3836 1147 3897 in-

105 3860 643 4019 ffl'wilione,
700 3916 803 3983 critici
849 3940 920 3982 nou
965 3918 1148 3983 admodum

105 4000 333 4089 =unctctlsufit
357 4006 493 4081 omncs,
522 3998 581 4087 qui
609 4002 689 4071 huic
717 4000 886 4069 doctrinae
909 4026 946 4069 ce
971 4015 1145 4091 ugnarent,

105 4116 190 4167 coes
211 4094 391 4183 corrigere.
437 4087 623 4169 Ellendtias
653 4110 753 4175 acro,
788 4083 848 4177 qui
877 4088 920 4155 od
950 4028 1021 4155 lie.
1049 4089 1146 4157 Brut.
