2618 4770
138 271 210 345 426·
325 270 327 275 ’
551 250 781 341 ΕΟἯΒΕΜ.’
893 190 905 207 ‘

137 430 287 489 accurate
308 415 497 484 observasse
525 415 587 478 sibi
610 415 670 491 visi
695 423 772 477 sunt
790 411 961 487 Ernestius
983 417 1018 491 io
1044 418 1137 487 Clavi
1159 430 1191 493 et

134 508 359 592 Heusingerus
386 501 421 564 in
445 499 619 567 Observat.
642 523 676 594 p.
699 505 775 564 403.
800 510 833 562 et
858 500 898 563 ad
927 502 996 575 Cic,
1018 501 1061 569 de
1076 505 1145 571 Off.
1161 513 1190 589 1,

23 640 26 647 .
138 599 239 676 121,
263 609 387 674 eosque
411 587 542 673 sequuti
562 596 640 650 sunt
659 588 818 655 Garaton.
842 586 882 651 od
901 587 994 653 Orat.
1015 611 1053 678 p,
1069 590 1188 661 Milz

137 692 171 747 et
187 675 389 748 Goerenzius
414 671 455 739 ad
472 671 541 736 Cic.
562 673 603 736 de
616 671 687 736 Fin.
705 678 736 744 3,
755 678 784 751 1,
803 677 831 744 1,
852 682 885 735 et
905 672 978 747 aliia
1002 696 1188 763 numquam

108 808 112 813 -
138 789 157 830 a
171 764 330 837 Cicerone
345 759 442 828 aliam
460 780 655 842 personam,
675 758 739 829 nisi
753 757 897 843 primam
912 759 1087 846 singularis
1108 783 1189 827 con.

135 851 247 940 iungi,
267 857 364 936 atque
381 865 497 914 omnes
512 866 569 908 eos
583 844 694 923 locos,
714 844 771 936 qui
787 856 992 936 repugnent,
1007 859 1192 936 corruptos·

136 947 171 1001 et
187 935 228 1005 ad
245 931 392 1022 regulam
406 930 612 998 revocandos
634 952 714 999 esse,
733 936 736 942 '
757 928 867 1009 Quam
885 931 1036 1000 eamdem
1053 944 1186 998 senteu-

135 1024 217 1086 tiam
240 1020 306 1089 iam
340 1016 471 1088 Vossius
496 1015 557 1090 sibi
580 1014 819 1091 informaverat
845 1014 887 1083 de
910 1015 1053 1103 Analog,
1077 1025 1110 1085 4.
1134 1025 1185 1090 27.

135 1104 276 1180 Etiamsi
303 1123 381 1168 vero
414 1101 529 1175 Cicero
559 1100 639 1166 fere·
663 1123 796 1194 semper
828 1100 972 1187 primam
1006 1125 1184 1191 personam

134 1193 265 1280 posuit,
299 1186 377 1261 fecit
399 1187 434 1262 id
455 1209 527 1252 non
551 1198 748 1278 propterea,
780 1186 870 1273 quod
894 1189 1098 1261 existimaret
1120 1212 1185 1257 esse

135 1300 200 1366 ego
255 1273 375 1348 idem,
398 1273 456 1342 aed
481 1274 573 1359 quod
591 1275 727 1364 propria
751 1281 822 1335 erat
843 1271 924 1347 haec
947 1295 1018 1342 vox
1042 1275 1078 1351 in
1097 1274 1183 1340 affir-

133 1298 262 1437 mandi
269 1382 306 1424 re
322 1358 374 1435 rel
388 1359 547 1436 sententia
566 1361 652 1440 eius,
675 1359 731 1447 qui
747 1356 950 1445 loqueretur.
993 1360 1183 1452 Numquam

135 1448 226 1520 onim
253 1445 338 1520 dixit
359 1467 422 1534 pro
446 1467 511 1542 ego
535 1443 696 1532 quidem,
721 1443 812 1531 quod
836 1453 920 1515 esset
940 1468 1006 1534 ego
1035 1469 1077 1510 ex
1110 1469 1183 1513 meo

130 1545 253 1620 purte,
278 1542 311 1603 et
333 1531 362 1605 si
385 1530 443 1620 qui
464 1533 548 1596 sunt
563 1530 646 1612 loci,
670 1530 705 1602 in
727 1529 847 1625 quibus
861 1540 1056 1616 pronomen
1078 1543 1116 1602 tu
1136 1534 1182 1599 vel

134 1618 198 1683 alia
222 1638 368 1705 persona
397 1615 603 1703 opponitur,
637 1615 820 1690 cavendum
849 1616 928 1696 erit,
957 1637 1001 1680 ne
1027 1615 1182 1695 fallamur

134 1704 197 1768 hac
214 1705 284 1791 ipsa
300 1702 529 1786 oppositione,
547 1722 614 1765 non
630 1721 692 1786 per
708 1700 793 1765 bano
808 1701 1003 1787 particulam
1020 1724 1183 1792 expressa.

134 1791 204 1855 Nec
228 1806 366 1875 prorsus
390 1784 583 1859 abstinuisse
602 1785 733 1862 videtur
753 1788 871 1854 Cicero
895 1811 912 1850 a
933 1786 1092 1856 liberiore
1114 1810 1182 1872 usn,

134 1876 225 1941 cuius
237 1872 336 1959 'plura
352 1869 547 1944 haberemus
563 1871 733 1957 exempla,
755 1872 820 1945 nisi
838 1871 1002 1943 librorum
1018 1888 1182 1947 correcto·

132 1982 186 2027 res
231 1958 456 2030 commaticam
480 1980 515 2020 re
540 1957 628 2033 ulam
658 1956 780 2042 ubique
806 1956 1049 2040 admovissent,
1080 1972 1113 2026 et
1135 1959 1181 2028 vel

134 2044 192 2131 qui
218 2065 288 2118 em,
318 2040 425 2117 velet
447 1979 584 2131 quidem
613 2045 831 2128 scripsissent.
865 2042 930 2107 vid.
953 2046 1120 2113 Goerenz.
1142 2044 1195 2111 ad*

135 2131 203 2202 Cic,
220 2129 260 2203 de
282 2125 354 2199 Pin,
380 2149 416 2220 p,
435 2133 507 2201 161.
547 2127 648 2216 Quod
670 2128 771 2215 igitur
792 2132 825 2195 in
851 2128 1011 2206 Cicerone
1036 2156 1105 2197 non
1125 2154 1180 2197 ne-

132 2237 268 2304 gamus,
302 2234 379 2289 cum
401 2215 436 2284 in
460 2214 657 2301 quibusdum
679 2215 791 2293 locis,
814 2215 963 2301 quamvis
984 2219 1084 2302 pauci
1107 2219 1180 2300 sint,

132 2303 232 2371 etiam
249 2321 326 2368 cum
348 2300 491 2370 secunda
515 2311 548 2363 et
570 2300 667 2363 tertia
693 2322 837 2385 persona
862 2301 1017 2386 equidem
1041 2326 1181 2390 compo-

132 2388 252 2465 suisse,
274 2384 307 2457 id
323 2387 453 2472 saepius
469 2386 620 2459 iecerunt
635 2385 805 2456 Sallustius
814 2395 852 2447 'et
866 2387 930 2449 alii.
972 2389 1023 2452 De
1041 2391 1179 2476 Virgilio

132 2473 265 2537 Servius
282 2471 324 2534 ad
341 2473 422 2535 Aen.
442 2478 470 2551 1,
487 2475 561 2541 576.
596 2471 633 2543 iu
656 2470 750 2541 ouini
779 2468 936 2557 Virgilio
958 2497 1023 2558 ego
1047 2476 1182 2561 quidem

132 2555 253 2644 ubique
268 2553 465 2704 aigqq'ficot,
494 2556 556 2629 sed
577 2557 615 2619 in
636 2557 718 2622 tiliis
742 2567 775 2619 et
793 2579 860 2641 pro
885 2558 1022 2643 quidem
1046 2572 1182 2634 tautum

124 2644 282 2731 ponitur.
327 2642 334 2666 '
361 2636 456 2717 ameia
475 2643 510 2705 in
527 2642 608 2713 Aen,
624 2646 673 2718 10,
691 2646 745 2704 29.
773 2663 842 2706 non
860 2655 1003 2728 possunt
1024 2648 1181 2735 coniungi

131 2727 287 2815 equidem
299 2726 411 2799 credo.
446 2727 617 2797 Sallustius
633 2727 736 2790 utitur
749 2725 810 2799 hac
850 2730 985 2797 articula
1002 2730 1044 2794 ad
1062 2754 1181 2818 quam-

133 2834 274 2907 cumque
297 2814 493 2883 ,sententiam
524 2812 747 2884 vehementius
781 2748 1022 2890 afirmandam.
1068 2819 1179 2882 Celsus

131 2921 315 2994 numquam
343 2899 437 2969 dixit,
494 2898 734 2986 Quinctilianus
765 2899 934 2972 Ciceronis
964 2904 1181 2974 consuetudi-

130 3006 210 3049 nem
235 2985 381 3056 imitatus
405 2994 473 3066 est,
502 2985 631 3071 saepius
654 2994 766 3054 tamen
794 2994 827 3048 et
850 2985 984 3070 quidem
1005 3009 1179 3077 usurpans.

132 3071 284 3137 Curtium
307 3091 440 3155 semper
464 3071 591 3154 primae
614 3091 775 3157 personae
803 3072 998 3156 particulam
1022 3074 1179 3156 iunxisse,

129 3178 174 3219 ne
199 3155 311 3217 credas
333 3154 537 3241 Heusingero
567 3157 601 3231 in
626 3155 799 3225 Emendat,
829 3178 862 3242 p.
885 3162 957 3229 223.
1001 3158 1068 3222 Sed
1092 3161 1179 3225 idem

131 3240 276 3305 affirmat
292 3239 496 3305 Schwarzius
522 3241 562 3310 de
585 3240 690 3307 Plinio
711 3241 859 3318 iuniore,
884 3242 925 3303 ad
941 3245 1059 3329 Paneg.
1078 3250 1131 3326 62,
1147 3251 1177 3310 2.

129 3339 243 3390 tamen
260 3325 495 3391 dubitationem
512 3338 648 3400 movent
666 3325 800 3414 quidum
822 3325 888 3394 loci
902 3328 1008 3415 Epist.
1027 3336 1059 3408 9,
1077 3337 1131 3413 23,
1148 3337 1177 3404 2,

130 3417 163 3493 6,
184 3416 234 3483 16,
255 3415 286 3473 3.
318 3411 374 3497 qui
403 3411 489 3480 infra
518 3411 726 3483 retractandi,
779 3410 818 3474 In
850 3411 955 3479 Taciti
978 3414 1073 3480 libris
1097 3439 1178 3481 nus

130 3518 231 3583 quam
254 3513 389 3583 apparet
413 3498 587 3584 equidem,
629 3498 691 3561 nisi
714 3517 781 3559 uno
805 3497 840 3559 in
864 3497 939 3562 loco
960 3500 1109 3590 Dialogie
1139 3503 1176 3567 ad

131 3581 220 3667 quod
245 3583 413 3652 attendere
431 3584 607 3670 oportebat
625 3582 772 3655 criticos,
797 3582 855 3666 qui
874 3583 915 3647 de
928 3597 1063 3653 auctore
1078 3611 1176 3675 quae-

127 3670 289 3818 ἒίνςωῗῑ.
361 3669 475 3755 Neque
511 3667 642 3756 reperio
679 3667 871 3756 exemplum
909 3671 945 3736 in
980 3672 1176 3771 Symmachi

81 3794 86 3801 -
156 3763 242 3840 pisto
257 3754 294 3819 is.
554 3758 558 3767 “
781 3760 785 3765 ’

148 3934 154 3963 ;
199 3967 201 3971 ,
215 3913 244 3970 1.
266 3904 436 3993 Equidem
452 3905 627 3970 confirmat
642 3928 712 3977 rem
729 3908 912 3981 dicendam,
927 3921 1027 3998 atque
1041 3913 1174 3991 indicat,

129 3991 181 4074 id,
214 3992 377 4080 quodsit,
400 4014 526 4058 essere
550 4014 644 4069 vera,
674 3991 725 4055 vel
745 4018 818 4060 rem
841 3995 1060 4063 rarefactam
1088 4021 1171 4063 esser

119 4078 300 4167 stirwolrr,
328 4077 498 4161 wirklicd,
528 4079 566 4144 iu
589 4078 652 4144 der
674 4078 778 4173 Toou
835 4082 901 4147 Sed
924 4085 1107 4173 proprium
1127 4094 1172 4151 est
