2618 4770
537 279 749 363 DENIQVE.
1105 290 1169 353 271

125 448 191 507 star
211 438 365 505 omnium
388 450 420 504 et
471 436 559 504 aneis
583 437 690 502 verbis
716 436 829 503 omnia
851 458 923 504 esse
945 439 1171 529 comprehen-

130 524 230 591 denda
255 526 405 591 dicimus.
444 459 532 589 illud
559 534 664 588 estet
689 524 843 602 omnino,
868 523 941 589 und
962 525 1172 614 uberhaupt.-

134 608 201 687 liae,
216 622 253 676 ut
271 613 385 699 paucis
395 611 574 683 absolvam,
592 611 670 679 sine,
686 621 722 672 ut
737 632 805 674 uno
823 610 1001 675 verborem
1019 616 1171 701 comple·
1206 618 1213 685 ξ

139 708 210 763 ater:
226 696 269 775 air
282 698 465 777 inarctetur
482 692 566 771 ὅλως.
582 697 634 760 vd.
645 695 753 760 Wolf.
764 697 802 759 ad
814 697 987 761 Demosth.
996 698 1125 786 Leptin.
1137 704 1169 766 4.
1205 696 1210 777 ζῖ

142 806 170 872 p.
187 789 255 849 220.
306 806 376 848 urz.
460 805 495 846 ee
517 792 667 846 mutatur
691 781 771 846 haec
795 781 899 851 ratio.
928 784 955 847 si
983 795 1076 883 aptea
1101 809 1171 853 non
1200 804 1205 835 ι’
1266 798 1269 803 ”

105 928 122 951 Ι.
145 870 236 959 plures
259 862 417 950 ress'se'd
441 889 506 932 una
535 878 666 933 tantum
700 874 901 932 nominatur.
958 869 1042 934 Nam
1075 896 1172 959 saepe

105 958 107 967 '
146 966 262 1021 utantur
276 955 339 1019 hae
355 952 504 1019 fo'imula
519 954 716 1039 scriptores,
732 952 796 1017 nbi
818 954 922 1017 multa
938 953 1001 1019 dici
1020 970 1172 1042 possunt,

105 1076 107 1109 ;
148 1040 306 1105 sedaratio
331 1040 442 1120 adid,
472 1039 562 1125 quod
585 1040 766 1102 maximum
794 1049 826 1101 et
849 1039 1084 1104 solidissimum
1111 1056 1171 1126 est,

105 1112 109 1197 l
149 1138 303 1226 properat,
325 1137 424 1212 atque
448 1124 515 1211 hoc
535 1125 639 1189 modo
667 1122 875 1187 contrahitur
898 1135 930 1187 et
952 1125 1170 1212 abrumpitur.

145 1212 240 1295 ¹‚d'ritrci
261 1224 413 1291 vero-„ex
453 1232 500 1291 uo,
521 1209 605 1274 hanc
631 1209 778 1274 indolem
800 1208 980 1294 particulae
1005 1214 1172 1297 cognitam

149 1294 419 1363 habueruntet'lo·
463 1305 594 1359 santea
617 1318 685 1358 non
712 1305 900 1380 perspectos
921 1294 1004 1359 bene
1026 1299 1172 1384 explica·
1220 1350 1223 1355 .
1261 1336 1264 1343 ,

150 1393 261 1458 terunt,
280 1382 447 1447 numerari
463 1381 518 1445 rix
533 1379 990 1470 possuntjffu'quibus-,hece
1004 1381 1172 1473 interpre-
1189 1402 1260 1445 rm..
1293 1386 1306 1405 ''

149 1471 209 1533 tatio
226 1467 585 1552 temprepdlribitasit,
607 1466 804 1556 praesertim
819 1465 876 1531 ubi
899 1456 1081 1534 sufficiebat
1103 1460 1172 1535 iio'-
1260 1500 1286 1533 -μ

172 1541 235 1563 ως,
252 1538 290 1559 μμ

105 1598 119 1647 ι,
148 1554 323 1621 tiammoris
340 1554 548 1647 gravitatis..-v

105 1653 538 1805 lwreiushegttirques
559 1691 594 1745 ad
613 1689 797 1757 utor.1‚1tt.
815 1690 912 1758 affert,
930 1696 1029 1746 cuncte
1046 1708 1100 1745 non
1115 1691 1173 1745 huc
1223 1665 1260 1721 ’Ψ
1280 1702 1293 1755 ,’

105 1740 177 1855 ipati·
244 1756 470 1845 ipsissimam
484 1777 576 1831 omnia
590 1793 640 1843 oa,
661 1792 732 1846 quae
749 1777 885 1830 Graevius
900 1778 935 1830 nd
958 1776 1016 1829 cio.
1034 1776 1120 1843 Epist.
1137 1776 1173 1829 ad

105 1834 161 1911 md
198 1860 272 1915 Fam.
300 1861 349 1926 lt),
372 1860 414 1913 lt).
441 1862 527 1914 etad
550 1862 627 1917 Suet.
655 1863 726 1932 Aug.
745 1861 789 1916 23.
816 1868 844 1915 et
866 1878 936 1931 quae
958 1853 1113 1929 Schulting.
1138 1861 1174 1914 ad

105 1876 327 2059 wngninctil.
344 1947 467 1999 Declam.
483 1947 515 2012 1,
530 1946 555 1999 6.
575 1967 601 2016 p.
616 1944 658 2001 15.
676 1949 743 2001 Bur.
779 1948 926 2016 Aliquanto
941 1945 1099 2016 diligentior
1113 1951 1173 2001 erut

154 2034 161 2080 t
199 2030 365 2084 Freinshem.
391 2031 425 2084 ad
442 2031 532 2084 Tacit.
557 2034 605 2086 Au.
621 2032 654 2097 1,
670 2031 712 2084 28.
764 2032 806 2086 ct.
830 2031 974 2085 Ruhnken.
996 2031 1031 2084 ed
1059 2031 1172 2085 Terent.

199 2116 279 2171 Andr.
296 2117 375 2184 1,1,
391 2116 451 2169 12⁰.
469 2117 611 2170 Ernestius
623 2115 653 2168 iu
668 2117 745 2171 clar.
761 2115 850 2170 Cicer.

227 2235 341 2290 Terent.
357 2238 426 2289 Eun.
442 2235 475 2301 ὃ,
490 2235 524 2301 1,
541 2233 586 2289 5οξ
601 2236 647 2287 ubi
669 2235 817 2288 nominabit
837 2233 1016 2301 Pltuflriam,
1040 2224 1070 2289 tu
1092 2237 1174 2290 Pam·
1229 2244 1232 2251 '

194 2319 298 2390 pleitatn
314 2322 454 2373 centinua:
472 2323 497 2373 si
510 2323 616 2389 quando
631 2321 680 2372 illu
695 2320 771 2384 dicet,
790 2320 952 2373 Phaedriam
965 2320 1173 2374 intermittamus

197 2405 379 2469 comissatum,
399 2414 438 2471 tu,
460 2405 630 2473 Pamphilam
647 2411 785 2457 cantatum
804 2422 988 2474 prwoaemasr
1006 2406 1030 2456 si
1051 2405 1173 2459 madebit

198 2487 348 2557 dascillius
359 2493 495 2555 sormam,
513 2499 542 2542 tu
558 2490 636 2543 iuius
651 2495 751 2543 eontra.
786 2490 904 2559 Denique
917 2506 971 2558 par
981 2507 1031 2559 pro
1048 2491 1112 2560 pari
1130 2507 1174 2545 re-

193 2574 283 2637 ferto,
303 2575 371 2641 quart
387 2592 444 2625 eam
460 2576 588 2627 mordeat.
626 2575 682 2627 Cic.
704 2575 738 2626 de
761 2574 837 2628 Orat.
860 2573 894 2639 2,
912 2571 961 2638 78,
977 2572 1037 2626 317.
1063 2574 1174 2627 dernen-

198 2661 286 2708 etrane
302 2657 443 2709 exordium
459 2658 568 2711 dicendi
582 2676 635 2712 nou
651 2677 732 2729 saepe
747 2677 806 2712 esse
818 2659 920 2711 debere
937 2659 1094 2724 vehemens,
1115 2665 1176 2726 post

199 2738 255 2792 elin
285 2742 449 2809 arguments
479 2743 569 2796 addit:
602 2746 672 2796 nilril
700 2735 738 2796 est
760 2745 870 2813 denique
899 2736 929 2795 in'
957 2752 1059 2796 natura
1087 2761 1176 2796 rerum

199 2826 329 2889 emnium,
350 2829 419 2894 quad
440 2845 468 2878 se
484 2829 634 2881 universum
649 2830 812 2898 profundat,
831 2836 856 2880 et
875 2828 943 2896 quad
965 2835 1048 2879 totam
1071 2834 1177 2895 repente
1249 2848 1253 2859 ι

199 2912 289 2963 malet.
323 2911 365 2962 At
390 2912 462 2964 lrnnc
484 2913 594 2965 modum
616 2912 796 2967 Ruhnkenins
818 2911 957 2964 emendari
974 2909 1061 2963 voluit
1075 2910 1174 2965 Vellei.

199 2994 261 3049 Pae
279 2993 311 3058 2,
327 2993 371 3047 89.
402 2997 471 3048 nilsil
492 2999 601 3066 denique
628 3006 721 3069 optare
742 3016 760 3050 a
783 2997 835 3049 diis
855 2998 971 3049 homines
997 3022 1032 3034 -
1054 3002 1174 3064 pumat,

200 3080 268 3151 pund
291 3096 345 3131 nen
372 3080 511 3149 Augustae
537 3110 574 3121 -
595 3083 841 3151 repraesentaverit.
884 3080 940 3133 Sed
972 3080 1019 3133 vix
1052 3079 1092 3134 tta
1120 3080 1177 3134 diei

150 3206 154 3215 .
201 3170 311 3233 poterat
324 3180 377 3215 non
394 3165 571 3218 antecedente
583 3182 676 3218 rerum
691 3165 867 3234 expositione.
885 3164 940 3216 vid
955 3181 1071 3231 urrann.
1088 3165 1132 3231 11,
1148 3164 1174 3220 i.

203 3248 313 3302 Coelius
331 3264 415 3317 quarm
430 3248 460 3300 iu
482 3250 568 3318 Epist.
587 3251 622 3304 nd
639 3250 696 3304 Cic.
716 3248 814 3315 8,11‚
834 3249 876 3302 tn.
902 3248 1030 3313 dixisset,
1054 3248 1084 3301 in
1100 3266 1174 3302 eem-

199 3332 334 3386 mentoris
352 3351 445 3388 rerum
464 3336 630 3389 urbanarum
647 3337 734 3388 multa
750 3351 809 3386 esse
825 3334 872 3386 rix
885 3335 960 3387 lectu
973 3334 1072 3404 digne,
1090 3337 1178 3390 multa

203 3418 286 3471 etiam
299 3418 393 3485 utilio,
415 3420 524 3488 pergit:
543 3422 652 3491 denique
666 3420 736 3472 malo
750 3419 779 3470 in
795 3420 865 3470 hana
882 3426 989 3489 partem
1012 3437 1118 3485 errare,
1137 3428 1176 3486 at,

201 3520 267 3573 puae
291 3521 345 3555 non
361 3504 507 3567 desideres,
528 3506 641 3570 audias,
660 3500 739 3573 quam
762 3503 921 3572 quidquam,
948 3504 1018 3573 quod
1044 3513 1174 3575 opacent,

133 3604 137 3611 ·
198 3589 438 3658 praetermittatur.
459 3587 478 3640 i.
495 3606 518 3640 e.
536 3591 687 3657 uberhaupt
710 3590 781 3640 aber.
820 3587 876 3641 cta.
894 3588 923 3640 iu
937 3589 1014 3641 Verr.
1030 3587 1060 3655 l,
1078 3588 1120 3654 27,
1133 3588 1176 3642 70.

201 3690 278 3740 quum
300 3673 453 3724 seditionem
473 3674 566 3725 sedare
588 3674 696 3736 vellem,
731 3690 809 3741 quum
825 3676 991 3738 frumentum
1011 3674 1176 3743 imperarem,

200 3773 278 3824 quum
300 3756 459 3825 stipendium
482 3774 619 3826 cogerem,
645 3774 722 3824 quum
745 3757 847 3824 aliquid
867 3758 976 3828 denique
996 3759 1036 3811 rei
1054 3757 1179 3829 publicae

200 3836 293 3892 carnea
313 3858 440 3910 gererem.
459 3840 491 3905 2,
508 3840 558 3905 51,
574 3839 632 3893 tat.
657 3847 761 3909 negant
779 3841 807 3891 id
825 3844 988 3908 Syracusani
1003 3861 1053 3912 per
1069 3845 1178 3913 religio-

199 3940 394 3977 memororum
408 3926 463 3977 allo
477 3926 553 3977 mode
562 3927 628 3991 fleri
637 3941 729 3995 pesse:
743 3928 793 3991 fas
810 3926 919 3995 donique
933 3935 1036 3997 negant
1048 3944 1108 3980 esse.

238 4042 350 4098 Terent.
365 4045 434 4096 Eun.
451 4044 483 4108 1,
498 4041 531 4107 2,
547 4041 590 4095 78.
619 4061 710 4112 nempe
734 4045 823 4097 omnia
847 4043 912 4095 haee
932 4062 1003 4096 nunc
1025 4044 1105 4097 cerda
1126 4044 1177 4097 ntra

201 4126 312 4187 redum
332 4128 461 4199 danicae,
484 4144 535 4199 ega
556 4127 686 4183 eralader.
721 4128 774 4183 Pu
800 4126 834 4194 4,
855 4127 890 4194 d,
911 4126 954 4183 ld.
972 4136 1004 4185 et
1031 4129 1070 4183 ad
1087 4144 1177 4199 pecca

221 4304 238 4348 ia
