2618 4770
418 277 548 347 cuttu*
581 276 739 344 Fauna.
1025 287 1095 349 cut

53 457 181 534 prope,
199 433 360 516 deicolae,
381 444 430 512 et,
461 443 498 497 ut
516 430 666 496 dictitant
688 433 908 518 grammatici,
931 456 1003 499 rem
1025 457 1095 504 non

46 521 143 589 *nihil
171 522 331 587 minuere.
381 521 424 583 At
443 516 597 605 profecto
621 537 802 603 numquam
825 517 992 585 imminuit
1013 543 1096 604 rem,

57 628 121 672 nec
140 604 264 673 indicat
283 606 451 669 aniaorem
474 624 547 668 rem
569 613 624 666 aut
642 623 712 665 non
727 602 891 688 repletum
909 626 1095 690 numerum,

59 692 117 757 aed
132 689 190 754 ubi
206 712 379 769 numerus,
408 688 458 754 vel
480 686 674 771 magnitudo
696 685 821 772 aliqua,
851 687 901 752 vel
918 712 986 770 ree,
1013 716 1097 778 quae

57 775 183 843 multae
203 785 258 840 aut
271 793 402 863 semper
419 783 473 839 aut
495 773 572 837 eatis
598 794 667 837 esse
686 770 856 851 dicuntur,
883 773 927 838 ita
945 787 1022 840 sunt
1036 779 1098 843 de·

60 859 257 948 signandae,
294 870 332 924 ut
353 856 599 925 multitudinem
622 856 673 920 vel
693 857 951 942 magnitudinem
974 862 1015 926 ad
1038 865 1098 927 ali-

58 968 159 1035 quem
189 945 367 1011 terminum
395 944 463 1009 sive
491 963 668 1009 numerum
706 941 901 1026 productam
936 954 1007 1009 aut?
1026 970 1097 1012 rem

55 1053 201 1101 numero
233 1029 416 1095 absolutam
445 1037 479 1092 et
511 1027 697 1092 distinctam
728 1026 1098 1112 intelligmnue,⁴latine

59 1116 201 1182 dicimus
225 1115 339 1205 ferme
370 1125 402 1177 et
423 1111 513 1203 sere.
558 1113 636 1193 Qua
668 1112 791 1177 exsistit
818 1112 974 1199 ambigua
1001 1140 1099 1202 saepe

60 1201 212 1269 vocabuli
238 1200 351 1273 notio,
378 1199 472 1263 sicuti
494 1199 528 1263 iu
554 1195 716 1263 vocabulo
742 1196 966 1283 aliquantum.
1013 1201 1100 1266 Nam

59 1286 166 1353 modo
183 1307 341 1351 numerus
359 1294 405 1349 est
418 1284 581 1371 repletus,
602 1283 650 1355 uti
664 1281 783 1346 dicitur
794 1282 902 1364 ferme
917 1282 1098 1363 biennium,

87 1371 192 1451 rade,
226 1368 307 1435 eden
324 1368 409 1435 κινεῖ
429 1368 553 1443 latre,
572 1365 650 1450 ἤδη,
681 1366 784 1430 modo
807 1369 959 1432 accrescit
981 1392 1033 1435 res
1057 1372 1098 1436 ad

57 1396 151 1523 dunc
172 1475 367 1535 numerum,
406 1452 507 1519 veluti
528 1451 607 1543 scre
636 1451 751 1516 decem
775 1452 892 1525 nullia
920 1464 1015 1519 arant..
1029 1477 1095 1519 non

60 1545 171 1608 minus
219 1563 295 1606 uam
323 1539 356 1602 d.
380 1560 426 1603 m.
456 1537 611 1603 ziemlz'clr
639 1537 723 1601 zelen
751 1537 912 1617 tamarid,
946 1562 994 1605 un
1014 1542 1099 1605 zelen

59 1564 225 1706 tarraead,
246 1624 348 1703 modo
372 1623 625 1712 complectimur
640 1631 767 1700 totum,
784 1633 820 1687 ut
835 1624 878 1688 ait
898 1623 938 1701 ira
954 1647 1099 1705 rumam,

48 1713 112 1779 'im
128 1710 289 1791 Ganzen,
314 1708 405 1795 quod
427 1731 496 1772 non
518 1706 621 1773 modo
638 1706 678 1770 de
694 1706 844 1772 univera'o
859 1730 1021 1795 numero,
1043 1711 1101 1776 sed

64 1799 159 1863 etiam
178 1797 217 1861 de
237 1817 377 1859 numero
400 1816 533 1859 summo
558 1793 677 1857 dicitur
698 1792 721 1863 i,
735 1813 763 1856 e.
783 1790 975 1874 uocatam,
1005 1805 1036 1859 et
1058 1796 1100 1861 de

63 1904 215 1962 numero,
251 1903 325 1946 uem
343 1880 468 1944 etiamsi
481 1882 638 1965 ‘superare
651 1875 798 1967 videatur
808 1900 869 1957 res,
881 1888 991 1961 tamen
1008 1893 1099 1945 certo
1148 1890 1166 1917 '·

63 1969 201 2033 nomine·
224 1904 423 2054 desigantur.
477 1963 572 2026 Vnde
595 1962 786 2028 criticorum
810 1973 882 2028 orta
914 1967 1100 2053 est·0pinio

53 2054 134 2145 jere
163 2052 318 2125 iudicare¹
337 2060 369 2113 et
401 2066 578 2112 numerum
602 2045 715 2133 paullo
740 2049 903 2112 minorem
934 2058 966 2112 et
989 2051 1100 2137 paullo

63 2140 235 2202 maiorem.
272 2134 336 2198 vid.
359 2129 525 2196 Drakenb.
549 2130 588 2193 ad
612 2131 683 2193 Liv.
703 2136 732 2208 1,
747 2134 801 2209 40,
815 2136 846 2195 8.
876 2138 928 2212 37,
943 2138 974 2208 6,
989 2136 1025 2197 4.·
1062 2135 1101 2200 lu

64 2224 115 2287 his
134 2219 288 2283 omnibus
304 2238 381 2280 vero
397 2223 513 2300 regnat
533 2214 626 2282 nolio
644 2213 693 2278 rei
710 2213 899 2296 universae,
921 2236 1020 2301 quam
1036 2220 1102 2286 iam

64 2310 219 2371 Laurent.
250 2300 341 2367 Valla
353 2306 383 2381 2,
393 2302 447 2365 49.
468 2297 649 2383 intellexit,
669 2307 702 2364 et
717 2298 880 2366 subtiliter
892 2302 1022 2388 negavit
1036 2304 1100 2371 dici

65 2412 163 2480 posse
175 2388 254 2478 sere
278 2386 412 2451 multoe.
971 2394 973 2399 ¹
998 2420 1001 2425 ·

164 2510 232 2561 Vena
249 2507 463 2572 Germanorum,
488 2521 541 2573 quo
556 2521 633 2560 ⁴rtuuc
647 2506 709 2572 scat
725 2480 776 2571 pro
790 2503 902 2558 delecte
911 2509 1047 2575 -pouunt,·'
1057 2526 1104 2562 re-

133 2591 303 2646 ceatieeimua
318 2596 374 2656 eat,
396 2607 448 2644 nea
470 2591 522 2643 duo
544 2591 654 2659 caecula
668 2587 784 2642 excedit.
818 2589 856 2640 'ld
873 2607 938 2643 vero
958 2591 1016 2645 lam
1037 2593 1103 2646 olim

133 2675 242 2740 decepit
256 2673 436 2743 interpretes,
454 2672 502 2743 qui
511 2675 599 2727 codem
610 2677 671 2741 scra
686 2681 814 2744 tempore,
833 2691 863 2726 co
871 2677 933 2741 fere
945 2677 988 2728 die
1002 2676 1104 2734 dictum

130 2761 264 2832 cumbunt
277 2775 327 2826 pru
344 2759 431 2812 codena
439 2762 515 2826 ferte
528 2767 658 2829 tempore,
676 2761 790 2825 ecferte
807 2759 857 2811 die.
891 2759 960 2811 Vide
976 2777 1079 2818 roura.
1186 2813 1189 2818 ,

166 2878 257 2931 Plaut.
270 2877 374 2930 Bacch.
389 2875 415 2942 ὃ,
430 2876 456 2942 2,
471 2876 496 2930 4.
521 2878 568 2930 lace
578 2858 684 2942 Jdctdm
694 2879 837 2941 estserme
853 2877 949 2930 ablatae
964 2879 1104 2937 dicacium.
1164 2862 1167 2871 ¹

127 2963 151 3016 ἱ.
167 2981 191 3015 e.
216 2981 244 3015 ea
256 2963 375 3031 geacltult
394 2963 495 3030 gerarde
516 2978 564 3014 vor
579 2960 643 3013 aucei
657 2961 767 3012 Jahrec.
799 2960 859 3014 Iria.
869 2962 893 3026 l,
904 2962 946 3027 tu,
962 2962 987 3016 1.
1006 2956 1106 3018 duode-

132 3046 335 3116 quadragesimo
342 3046 430 3110 sermc
445 3061 531 3110 auae,
544 3063 577 3096 cx
585 3060 757 3112 conregnare
766 3053 885 3112 caeperat
894 3048 1060 3116 tarquinius,
1072 3075 1106 3090 -

133 3131 213 3198 longe
228 3131 346 3180 maximo
360 3129 459 3180 bonore
470 3129 577 3180 Semina
593 3128 694 3178 lalliaco
707 3134 774 3180 erat.
798 3128 915 3194 Errant,
940 3129 987 3197 qui
1002 3130 1105 3184 iutelli-

27 3236 31 3245 ’
132 3220 217 3282 gunt,
251 3213 343 3280 paullo
364 3218 428 3264 ante
452 3226 551 3264 aunam
572 3209 907 3278 duodequadragesimum.
941 3215 1028 3266 Immo
1050 3216 1106 3276 dia-

134 3296 221 3350 tincta
236 3302 279 3347 eat
298 3295 450 3364 denigratio
471 3293 549 3347 iatine
570 3293 642 3346 anni.
691 3295 761 3349 Nost
794 3313 821 3348 cc
841 3316 930 3351 waren
948 3301 1050 3369 gerude
1071 3301 1106 3356 38

134 3382 226 3434 satra.
262 3381 369 3432 comet.
384 3378 538 3443 Aristus.
555 3379 828 3444 deceruituutemscre
839 3389 898 3449 poet
912 3400 1010 3436 nouum
1024 3404 1105 3454 quar-
1135 3415 1137 3419 Α

134 3472 199 3529 tam,
213 3481 292 3532 quum
302 3465 481 3518 'llaemiataclea
488 3463 600 3516 Attenia
613 3469 671 3515 erut
686 3465 814 3532 capulare.
840 3465 950 3534 optime
959 3475 1000 3521 cet
1013 3484 1106 3523 emea-

135 3547 209 3600 datio
225 3548 330 3601 tactae
345 3548 484 3618 Naugerio
500 3548 530 3601 iu
545 3547 602 3601 Cic.
617 3548 723 3602 Verria.
732 3547 758 3614 2,
768 3547 861 3614 dm.
879 3558 904 3605 et
917 3561 976 3607 erat
989 3557 1106 3624 epatium

135 3633 236 3685 darum
245 3637 306 3701 fere
317 3633 434 3702 triginta
449 3641 512 3687 aute
526 3633 577 3685 cul.
592 3632 704 3685 decemb.

59 3786 64 3795 -
170 3751 283 3803 Terent.
296 3751 366 3803 Hac.
380 3747 407 3814 5,
423 3747 450 3814 8,
463 3748 507 3802 24.
531 3766 594 3803 uam
607 3749 713 3803 memini
729 3750 824 3803 attiae
842 3767 939 3804 menaea
953 3751 1037 3815 mem
1051 3754 1109 3813 ‚lere

135 3835 172 3887 ud
186 3850 226 3886 arc
241 3834 316 3886 necte
327 3833 416 3903 primu
433 3836 574 3902 confugere
588 3834 756 3889 anhelantem
769 3834 882 3887 demum.
904 3833 986 3885 Andr.
994 3834 1019 3898 l,
1031 3834 1106 3898 lat.

130 3920 192 3985 sere
206 3919 235 3969 ia
248 3918 338 3970 dictur
348 3916 458 3986 pauca,
477 3917 568 3985 quitur
578 3919 643 3971 laec
652 3926 717 3972 acte
730 3924 807 3984 aaut,
825 3918 931 3986 caryota
944 3917 1032 3970 aterna
1045 3921 1109 3972 tneo

134 4003 256 4056 moritur.
277 4000 305 4054 i.'
323 4018 347 4054 e.
372 4002 460 4070 grado
481 4001 511 4052 a‘o
529 4003 650 4072 weaigea
670 4002 778 4072 Tagen,
808 4002 879 4070 quod
903 4005 945 4053 eat
965 4018 1017 4055 aar
1039 4005 1110 4055 acolt

136 4088 257 4159 malgeri
273 4087 375 4157 Tegea.
415 4084 476 4140 latr.
492 4084 536 4152 dd,
550 4084 594 4152 ta,
606 4085 633 4140 1.
659 4089 761 4155 usuc
775 4093 890 4157 mpure
905 4085 994 4138 coarat
1009 4087 1110 4151 Aciliae
