2618 4770
113 234 158 304 ιι
243 224 246 229 ·
362 298 365 303 ,
504 184 816 321 cnrsnoovn

179 402 212 442 re
225 385 296 440 Ptin.
311 379 385 437 ntes.
401 396 428 434 n.
442 381 493 449 1⁰,
508 379 558 449 18,
572 383 617 440 79.
629 385 772 455 >potentine
796 379 906 440 incitat
926 384 1034 454 scenico
1048 391 1163 460 postme-

179 473 297 524 ridiano.
306 468 336 519 in
349 468 525 535 matutinum,
541 477 624 522 cetero
639 486 707 522 mos.
759 482 762 489 ’
935 500 937 504 -

194 571 217 613 li
246 568 412 634 Vocabula
436 580 584 634 ceterum
607 580 792 635 etcertum
816 593 834 636 e
858 570 997 638 librariis
1025 574 1163 643 confusa

111 677 188 831 {sep
200 665 363 808 ιιόιὸἲὲιιιιιιι
383 655 530 776 lloaldus
552 667 585 723 et
607 656 828 748 Oudendorp.
855 657 897 725 ud
921 659 1051 749 Apuleii
1080 661 1162 730 Met.

280 1030 301 1071 .-
379 1013 382 1018 .
427 941 831 1064 cnnnnoqu.

192 1124 243 1191 De
266 1142 470 1204 ouunnoovl
495 1125 610 1193 eadem
637 1125 774 1192 dicenda
797 1137 893 1210 sunt,
923 1149 1005 1217 quae
1034 1131 1160 1199 iamin

111 1211 212 1276 verbo
247 1213 376 1299 alioqui
403 1212 554 1298 exposui.
594 1212 662 1276 ·Ea
689 1213 723 1277 'le
747 1218 847 1278 untur
872 1215 947 1281 Vol.
975 1223 1004 1282 1.
1025 1239 1060 1304 p.
1083 1225 1158 1284 235.

111 1296 281 1381 Significat
296 1298 464 1384 ceteroqui
477 1297 566 1362 idem
586 1296 677 1382 quod
699 1237 844 1386 alioqui,
867 1298 1029 1377 ceterum,
1051 1299 1156 1380 ἄλλως.

107 1383 192 1446 Vsus
210 1395 337 1459 autem,
367 1405 466 1468 quem
491 1383 854 1451 leucorum-auctores
876 1388 940 1450 toti
973 1388 1156 1473 antiquitati

109 1468 271 1555 assignare
287 1469 416 1549 solent,
436 1478 504 1531 tom
524 1489 615 1531 rarus
641 1479 689 1531 est
711 1469 798 1556 apud
823 1481 947 1542 veteres
967 1473 1154 1559 scriptores

106 1563 146 1617 ut
160 1554 244 1617 adeo
262 1553 302 1617 de
318 1553 511 1618 auctoritate
527 1553 668 1617 dubitari
687 1556 802 1640 possit.
847 1557 1037 1643 Nusquam,
1061 1559 1151 1643 quod

23 1631 33 1649 '
105 1638 230 1718 eciam,
259 1637 541 1705 hocvooabulum
564 1640 707 1709 occurrit
728 1641 763 1703 in
785 1641 885 1721 livii,
913 1643 1009 1707 Plinii
1028 1645 1155 1706 utrius-

98 1745 189 1810 que,
215 1723 340 1804 Taciti,
371 1725 478 1789 Curtii
499 1725 560 1787 scri
587 1726 645 1788 tis,
682 1727 786 1812 ¹Apud
807 1727 1000 1791 Ciceronem
1025 1739 1156 1792 exstant

108 1809 268 1896 quaedum
291 1810 463 1896 exempla,
485 1809 542 1874 sed
562 1747 728 1874 librorum
752 1812 967 1898 discrepantia
988 1822 1057 1878 tam
1082 1837 1155 1878 am·

104 1894 222 1982 bigne,
244 1905 281 1958 ut
300 1917 368 1959 non
387 1896 448 1959 nisi
466 1893 506 1959 de
532 1894 658 1961 duobus
682 1896 894 1983 epistolarum
919 1896 998 1961 locis
1023 1909 1154 1964 certum

104 1976 262 2045 iudicium
292 1978 399 2045 facero
427 1979 532 2045 liceat.
581 1980 726 2061 Tantum
749 1982 848 2070 igitur
881 1982 989 2065 abest,
1016 1994 1053 2046 ut
1075 2007 1154 2050 cum

103 2065 235 2132 Davisio
263 2066 303 2130 ad
333 2066 401 2130 Cic.
431 2065 471 2130 de
493 2065 566 2130 Nat.
590 2065 682 2132 deor.
709 2071 744 2142 1,
764 2067 827 2131 22.Ι
852 2065 974 2138 falsam
1001 2070 1154 2156 regulam

105 2155 359 2231 constituamus,
398 2152 491 2238 quasi
517 2163 625 2226 cetero
649 2151 685 2215 ui
720 2173 884 2238 nusquam
916 2164 1059 2240 ponatur
1089 2156 1154 2221 nisi

104 2234 163 2302 ubi
178 2258 254 2303 oum
270 2234 386 2320 μειώσει
423 2236 541 2301 undam
563 2175 675 2300 lauties
691 2236 786 2317 elicui
804 2237 935 2304 homiui
952 2238 1153 2317 tribuantur,

926 846 937 883 1

103 2333 142 2389 nt
157 2345 198 2390 ex
213 2323 265 2388 his
280 2260 492 2410 paucisloois
507 2323 708 2387 contrariam
731 2326 926 2391 sententiam
943 2325 1152 2410 colligamus,
1181 2332 1184 2334 ’

10 2472 12 2479 .
104 2409 226 2475 eutnb
253 2409 347 2473 omni
371 2407 594 2473 affirmatione
620 2407 849 2476 abstineamus.
900 2409 984 2474 Mihi
1016 2409 1152 2495 quidem

69 2566 72 2571 Α
103 2505 241 2581 uterque
264 2493 356 2558 locus
377 2493 472 2557 valde
496 2502 663 2581 suspectus
684 2491 826 2563 uidetur,
866 2491 1064 2561 Recentiora
1089 2519 1152 2560 ex-

8 2578 11 2583 ’
105 2581 214 2668 empta
232 2601 303 2646 non
317 2578 421 2647 multa
436 2580 660 2647 inveniuntur.

162 2721 167 2735 ¹
216 2717 273 2771 ote.
296 2714 437 2783 oratii,
455 2715 498 2773 83.
524 2706 614 2787 quern,
631 2714 685 2768 nisi
705 2710 775 2785 quii
789 2715 895 2780 ectum,
914 2715 1061 2784 ceteroquin
1081 2707 1169 2774 reete,

170 2812 266 2857 uocant
281 2805 397 2857 atticum.
416 2803 450 2855 (le
466 2820 519 2872 qno
533 2803 597 2856 loco
609 2799 666 2854 vid.
682 2817 709 2869 p.
724 2799 769 2859 42.
803 2801 909 2853 Eadem
921 2801 1043 2853 varietus
1062 2800 1151 2853 libro-

168 2905 231 2940 rum
247 2894 362 2957 apparet
374 2889 408 2940 dc
424 2887 487 2941 Nae.
505 2888 537 2953 1,
560 2887 611 2952 22,
625 2885 667 2940 60.
685 2903 739 2938 non
752 2887 821 2939 enim
840 2893 921 2955 poeto
942 2887 1025 2938 sotum
1049 2887 1148 2953 sucum,

166 2991 257 3027 uerum
271 2976 363 3031 ctione
388 2971 520 3042 ceteroqui
539 2973 630 3026 ‹louue
652 2973 808 3041 sapiensque
826 2971 952 3024 traditor.
989 2971 1071 3022 Certo
1094 2987 1150 3025 non

64 3121 66 3125 7
111 3106 113 3109 .
167 3058 349 3112 excusationis
365 3051 514 3112 constuite
529 3058 660 3128 loquutus
680 3060 722 3109 est
743 3054 858 3120 (ticero,
879 3053 957 3123 quasi
982 3053 1155 3122 Simonides,

166 3141 283 3210 quinon
296 3141 349 3195 nisi
364 3142 455 3196 suevis
470 3147 553 3211 poeta
568 3146 655 3207 esset,
673 3157 727 3195 non
742 3139 809 3193 snus
824 3140 946 3206 locuples
962 3139 1039 3190 testis
1052 3139 1079 3189 in
1093 3141 1157 3192 hac·

36 3286 59 3310 ·
165 3243 202 3281 rc-
211 3225 300 3278 videri
314 3232 421 3295 posset:
440 3243 510 3296 queo
524 3231 584 3278 eret
596 3224 693 3281 Beieri
709 3213 844 3278 sententie
869 3223 898 3275 iu
918 3223 1048 3275 Seehodii
1071 3223 1146 3276 Bibl.

79 3372 83 3381 Ι
166 3310 235 3363 crit:
250 3328 275 3364 u.
290 3310 367 3363 1823.
382 3311 408 3363 1.
426 3324 453 3382 p.
468 3309 513 3362 el.
554 3309 648 3383 Etiam
673 3309 707 3361 (le
727 3309 790 3361 loco
812 3307 848 3360 at
868 3309 923 3360 nte.
941 3305 1049 3370 14‚1u.
1074 3308 1147 3360 dixi-

167 3413 228 3450 mus
248 3394 331 3465 pulit
341 3395 376 3448 nd
389 3395 444 3451 att.
459 3393 510 3460 16,
526 3393 551 3447 4.
568 3412 657 3462 pauco
671 3389 749 3463 roupi
766 3389 857 3458 λέξιν,
876 3393 1023 3459 ceteroquin
1038 3400 1064 3444 et
1079 3393 1146 3446 sotis

166 3482 303 3551 grauiter,
322 3488 355 3532 et¹
370 3497 424 3532 non
438 3479 633 3533 contumaciter.
655 3478 720 3530 edit.
742 3482 851 3530 veteres
872 3465 976 3528 haiom
999 3485 1145 3546 ceteroque,

166 3565 240 3633 quod
254 3581 306 3618 non
320 3563 479 3635 mittendum
498 3562 632 3627 incutere
651 3565 770 3632 quidem,
787 3567 821 3614 ut
842 3561 968 3615 Emeetio
991 3562 1145 3619 videbatur.

149 3659 152 3673 ¹
167 3651 204 3707 ed
215 3651 296 3703 Fam.
307 3649 340 3715 9,
356 3649 404 3714 1⁰,
422 3647 447 3700 7.
469 3664 520 3721 ego
535 3647 667 3715 ceteroqui
683 3648 772 3699 animo
794 3663 876 3714 aequo
892 3648 974 3711 scre:
997 3666 1078 3700 unum
1100 3667 1146 3703 ve-

164 3754 241 3801 reor,
260 3752 293 3786 ne
316 3735 395 3786 tosto
419 3732 541 3786 Caesaris
566 3733 709 3797 refrixerit.
742 3728 892 3783 Lambinus
915 3732 1086 3788 emendavit:
1104 3751 1168 3797 ιιι-’-

163 3829 223 3877 tero
237 3820 282 3888 qui
297 3819 385 3894 auimo
401 3835 483 3886 ocquo
490 3819 562 3882 fero.

210 3921 268 3976 cio.
284 3921 319 3974 nd
335 3919 391 3972 Ate
407 3919 458 3985 12,
472 3918 498 3973 3.
516 3937 549 3971 nc
562 3920 666 3984 uiuum,
685 3919 724 3972 mi
738 3920 839 3986 Attice,
856 3921 883 3973 si
903 3917 971 3972 milri
992 3934 1047 3971 non
1066 3919 1145 3974 modo

167 4008 361 4070 nunonem,
383 4005 432 4057 ubi
451 4006 581 4073 ceteroqui
601 4022 658 4056 eum
684 4007 809 4070 libenter,
837 4006 883 4058 sert
904 3997 1040 4072 μακάρων
1061 4006 1146 4074 νῆσοι

180 4092 330 4158 outiaont,
357 4096 389 4146 ut
400 4090 457 4146 eine
477 4096 504 4144 te
524 4090 573 4144 eim
594 4077 662 4145 totos
682 4090 745 4145 dice.
769 4090 805 4146 nd
819 4091 898 4146 Fum·
916 4087 950 4156 6,
965 4088 1000 4143 20
1018 4090 1099 4159 (lu),
1117 4090 1143 4145 2.
