2618 4770
315 269 640 338 EXTRINSEGVS.
688 269 845 335 FACILE.
1039 277 1101 341 685

166 423 313 491 Europa,
323 424 365 478 15.
382 425 662 494 patsoNoeseocostra
674 424 857 494 eiasdiripait
873 442 977 492 croces,
991 445 1101 496 sorores,
1177 445 1189 502 Α,

133 511 228 561 liberos
242 511 325 577 cepit:
344 509 476 576 infinitam
490 511 646 564 extrinsecas
658 510 797 577 Persarum
806 511 985 575 nobilitatem,
1001 530 1122 592 graciano=
1149 580 1152 595 .

78 634 81 639 .
131 594 260 662 persicam
273 594 482 661 copiosissimam.

149 700 180 758 9.
211 693 410 758 Extrinsece
438 693 711 758 scholasticorum
748 703 797 756 est
827 694 1023 766 vocabulum
1060 723 1101 765 eo

64 793 218 866 tempore
236 791 369 859 natum,
399 800 466 865 quo
490 778 684 844 adiectivum
715 777 918 843 extrinsecas
949 786 1103 868 usurpari

54 875 238 952 -coeperatz
262 865 351 928 euius
376 874 464 929 certa
488 864 638 950 exempla
664 873 792 927 exstant
819 865 906 1012 apud
923 865 1102 934 Boethium

66 952 107 1016 de
128 949 298 1015 Different.
337 948 425 1036 Top.
451 954 482 1012 3.
511 972 545 1036 p.
566 949 637 1012 104.
662 959 693 1013 et
717 947 803 1034 apud
863 953 1030 1036 regarium
1055 955 1102 1019 Μ.

64 1037 286 1123 ΕΡὶεῑ.8,40.
336 1033 421 1098 Nam
468 1035 537 1098 uod
552 1033 745 1099 Tertullian.
770 1031 810 1096 de
825 1034 927 1097 Pallio
945 1042 974 1099 1.
999 1036 1100 1101 dixit:

58 1121 168 1209 pallii
184 1120 387 1184 extrinsecas
409 1057 543 1183 liabitas
566 1155 610 1166 -
630 1117 777 1181 bamaria
797 1120 1037 1204 acquiescebat.
1067 1125 1102 1188 id

64 1209 178 1294 ipsum
222 1203 379 1283 declarat,
419 1225 485 1290 quo
522 1202 625 1268 modo
664 1203 851 1267 adverbium
884 1205 932 1269 in⁴
954 1205 1102 1273 adiectivr

63 1313 162 1355 usum
186 1289 366 1353 transierit:
397 1299 507 1377 potest
531 1289 619 1353 enim
643 1288 689 1353 ibi
712 1309 776 1374 pro
799 1288 952 1354 adverbio
975 1290 1101 1356 haberi.
1155 1360 1157 1364 ,

67 1376 243 1450 Salmasius
264 1373 395 1459 scripsit
411 1362 577 1458 pallittm,
599 1375 801 1438 extrinsecas
818 1372 970 1454 babitus,
991 1379 1101 1440 nescio

65 1483 130 1611 grpp
157 1460 355 1608 avictoripgtp.
382 1459 453 1607 Vlle
471 1457 637 1608 advpirbip·
657 1458 841 1560 extrinsece
869 1459 933 1607 piqd.
964 1463 1101 1561 Goclcn.

249 1586 259 1607 ο
341 1565 383 1606 ‚l
799 1588 808 1606 ο
851 1587 860 1607 ο
912 1589 921 1606 ο
1014 1570 1021 1584 “

65 1631 106 1696 de
121 1567 365 1695 slaetitvirererito
382 1566 530 1716 subbsiupb.
550 1555 795 1694 1806.1ωέθῖῗεῖβὲ1
808 1547 1101 1718 Αξιιὶὺαῐὲοέῗιὲὲῗ

65 1718 157 1806 (30).
177 1717 255 1779 Cur.
272 1723 394 1800 poster.
416 1737 450 1801 p.
464 1718 528 1780 318
546 1713 662 1800 (860.).

455 1881 701 1968 FACILE.

148 2035 202 2099 Ex
225 2030 399 2118 multiplici
421 2049 483 2091 usu
500 2028 830 2108 adverbii-Factus,
864 2029 954 2115 quod
977 2030 1027 2093 vel
1049 2055 1100 2096 res

65 2117 157 2185 nullo
183 2120 315 2200 negotio
341 2111 524 2182 efficiendas
552 2111 729 2199 significat,
765 2113 818 2177 vel
841 2116 1041 2178 voluntatem
1066 2140 1101 2180 ac

41 2203 248 2268 *lubidinem
266 2208 405 2284 spectat,
428 2197 467 2259 de
488 2216 551 2281 qua
569 2219 606 2260 re
624 2196 689 2261 vid.
712 2197 892 2282 Heusinger
914 2200 954 2260 ad
973 2201 1040 2264 Cic.
1061 2203 1102 2266 de

67 2286 135 2350 Off.
156 2291 188 2360 2,
209 2288 259 2360 19,
279 2289 311 2347 9.
349 2305 385 2346 ea
408 2280 612 2344 tantum‘hic
637 2280 987 2361 commemorabimus,
1020 2307 1101 2369 quae

66 2372 107 2436 ad
127 2369 404 2433 consociationem
423 2366 563 2431 aliorum
580 2365 815 2431 vocabulorum
831 2367 977 2444 attinent.

148 2489 328 2554 Priscianus
350 2509 383 2574 p.
409 2488 502 2550 1008.
541 2485 757 2549 accusativum
781 2485 924 2549 nominis
951 2509 1013 2573 pro
1040 2486 1100 2549 ad-

25 2587 29 2593 ’
66 2575 178 2642 verbio
196 2574 341 2661 positum
358 2571 517 2659 appellat:
534 2592 594 2634 nec
608 2570 701 2635 male.
728 2570 813 2651 Nam
829 2572 976 2636 ultimae
993 2572 1099 2636 brevis

65 2671 220 2735 neutrum
243 2680 310 2722 esse
335 2666 506 2720 monstrat.

147 2780 297 2843 Donatus
320 2776 358 2840 ad
381 2775 516 2840 Terent.
540 2774 643 2837 Andr.
661 2774 693 2854 4,
708 2780 739 2852 3,
754 2775 786 2840 5.
814 2773 958 2862 facile
981 2774 1100 2838 adaer-

65 2863 156 2927 binm
177 2859 411 2950 confirmantis
439 2871 505 2934 eet,
543 2859 582 2923 id
603 2869 671 2940 est,
701 2857 829 2946 liquido
854 2873 885 2924 et
907 2861 1099 2944 manifesto.

70 2947 210 3013 Veteres
230 2945 387 3011 dicebant
401 2942 550 3032 facile
564 2966 628 3029 pro
647 2955 759 3007 certo:
790 2957 828 3008 nt
847 2944 980 3024 Cicera,
1008 2945 1100 3008 illins

66 3031 502 3122 civitatirsacilaprinceps.
533 3029 1100 3115 QuoauctoreSchwartziusaliique
1127 3045 1129 3049 ’

67 3118 217 3182 dicebant
231 3114 340 3202 facile
363 3137 430 3178 esse
451 3115 519 3178 sine
535 3116 773 3195 controversia,
794 3116 863 3178 sine
878 3114 1100 3178 dubitationez

67 3203 118 3266 alii
144 3212 252 3265 autem
283 3199 457 3285 significari
484 3199 616 3264 nemine
643 3221 851 3284 magnopere
879 3200 1099 3281 reclamante,

66 3311 135 3352 non
158 3285 257 3349 valde
279 3284 385 3348 dubie.
438 3283 502 3346 Sed
522 3285 585 3370 ipsi
615 3283 650 3346 hi
684 3305 786 3368 quum
812 3283 848 3347 in
877 3285 1098 3371 comparando

67 3370 255 3437 vernaculae
269 3368 396 3454 linguae
407 3389 468 3433 usu
480 3371 723 3453 cognovissent,
741 3369 940 3449 Germanos,
965 3372 1097 3456 quando

66 3477 134 3519 non
162 3455 296 3519 audeant
327 3454 541 3542 principatum
561 3453 597 3516 in
613 3453 727 3538 'aliqua
754 3475 788 3516 re
818 3453 960 3517 tribuere
991 3456 1098 3538 alicui,

66 3541 117 3602 cni
135 3539 260 3603 soleant
275 3538 328 3602 alii
344 3560 417 3602 eum
434 3539 612 3614 vindicare,
634 3548 704 3602 tum
721 3535 827 3602 dicere
842 3540 983 3611 acelaber
996 3541 1097 3605 leicbt
1204 3605 1206 3611 ,

66 3624 128 3688 cler
143 3624 354 3689 aornelzmste
373 3647 454 3709 scyro
472 3647 576 3709 mag,
600 3621 701 3688 latino
718 3623 817 3687 verbo
833 3625 982 3689 eamdem
1000 3627 1097 3695 ‹lubi-

63 3712 223 3773 tationem
249 3709 390 3796 exprimi
413 3708 644 3772 concedebant.
707 3707 813 3773 Nemo
837 3731 915 3776 vero
940 3730 1099 3795 umquam

62 3795 220 3881 loquutus
244 3804 292 3858 est
317 3794 379 3857 ita:
409 3791 467 3857 itte
485 3790 591 3877 facile
613 3791 716 3856 bontas
731 3804 791 3858 est.

148 3919 178 3975 1.
198 3911 318 3976 Facile
340 3909 499 3997 significat
520 3911 655 3997 proprie
674 3910 725 3990 id,
748 3911 835 3996 qrvod
854 3909 939 3974 effici
956 3921 1009 3972 aut
1027 3910 1098 3979 fieri

63 4007 185 4083 potest.
227 3999 333 4082 Atque
347 3996 410 4060 hoc
431 3993 567 4058 vocabul
606 4007 741 4061 utuntur
756 3998 878 4072 Latini,
908 3996 1103 4079 (101011111-ι

65 4082 144 4167 qnid
157 4103 324 4150 summum
347 4081 398 4151 vel
419 4101 579 4170 permagn
661 4081 876 4173 praedicaturi
886 4127 897 4161 ,
914 4079 1021 4144 buius
1038 4083 1096 4158 de-
