2618 4770
361 283 368 287 ’
443 226 771 349 εΧΤεεεεεεεε4
913 255 915 258 ’
1039 295 1101 358 ese

163 433 223 486 niv.
244 434 269 500 2,
292 433 335 498 32,
353 432 379 485 0.
404 434 460 486 sine
484 435 539 486 ulla
566 443 635 488 metu
666 437 822 489 extrinsecus
853 434 1011 496 imminentis
1031 446 1100 499 belli.

135 522 228 572 Celsus
249 519 274 584 0,
295 519 337 572 20.
359 538 435 587 qaum
459 521 522 587 quid
544 522 700 576 extrinsecus
721 522 811 586 laesit,
835 530 866 573 ut
888 525 918 588 in,
935 528 1102 584 uulneribuss

131 622 208 671 quarn
223 605 287 671 quid
301 605 374 655 intra
389 622 415 658 se
429 603 513 671 ipsum
525 613 675 673 corruptum
688 613 742 669 est,
759 613 788 656 ut
805 606 832 655 in
851 624 953 662 cancre.
1050 638 1056 673 Ἴ·

166 706 223 759 cic.
245 707 278 758 de
298 708 359 759 Nat
383 705 407 758 d.
431 707 455 770 1,
480 705 523 770 43,
548 706 607 758 120.
625 723 680 758 esse
700 697 1101 779 -tamingentesquasdam

125 792 260 860 ,imagines
281 799 435 858 tantasque,
461 798 490 841 ut
512 791 660 846 salamani
685 792 809 851 mundum
833 795 1035 861 complectantur
1054 817 1102 850 ex.

129 876 264 929 trinsecus.
291 876 325 926 dc
336 875 427 927 Dicin.
441 873 467 938 2,
482 871 524 938 50,
540 873 599 927 103.
620 875 687 943 quad
703 874 951 942 traiciendarum,
971 880 999 930 id
1015 886 1100 934 cerni-

128 968 172 1011 tar
187 978 218 1012 ec
237 961 291 1011 alic
307 961 472 1012 extrinsecus.
506 958 590 1010 Acnd.
606 957 631 1020 2,
640 958 682 1023 20,
696 957 737 1009 76.
756 960 801 1025 qui
816 960 978 1031 (Cyrenaei)
998 974 1100 1036 negant

128 1062 182 1096 esse
196 1047 351 1113 quidquam,
368 1045 435 1112 qued
447 1044 548 1111 percipi
559 1042 641 1109 possit
654 1043 821 1094 extrinsecus.
851 1114 853 1119 Ι
1105 1035 1108 1043 ’

143 1166 173 1227 3.
201 1162 273 1224 Hoc
290 1160 488 1224 transfertur
510 1170 541 1222 et
563 1159 603 1222 ad
622 1154 792 1242 regionem
812 1182 921 1223 reram
937 1156 1099 1228 disseren-

60 1248 177 1310 derum
198 1256 230 1310 cl
253 1246 290 1310 ed
309 1268 409 1332 genas
428 1267 537 1309 reram
556 1245 839 1322 constituendum,
864 1257 897 1308 ut
915 1247 1100 1334 intelligan-

64 1345 115 1394 ἐι·
133 1356 182 1396 res
207 1332 303 1396 alieni
326 1332 471 1417 generis,
505 1329 554 1394 vel
576 1355 629 1408 ee,
662 1352 743 1415 qnae
766 1351 834 1392 non
858 1332 892 1393 in
916 1331 960 1394 rei
985 1347 1099 1400 nutrire

61 1417 241 1481 inhaerent.
285 1417 398 1493 Cicero
424 1417 538 1479 eodem
556 1413 741 1500 ,silgnificalul
760 1426 892 1501 usurpat
903 1413 1008 1504 saris.
1053 1419 1100 1485 lla

60 1513 278 1591 opponanlur
295 1513 448 1575 exlernae
467 1525 518 1578 res
535 1501 646 1582 virluli
663 1511 694 1564 et
710 1501 830 1563 aalma.
867 1557 868 1560 ,

161 1623 218 1675 Cic.
236 1624 270 1674 dc
290 1623 365 1675 Orat.
379 1622 405 1686 2,
419 1620 462 1686 39,
478 1619 537 1672 103.
562 1622 624 1688 quid
641 1621 709 1672 enim
724 1625 778 1682 est,
803 1619 1034 1685 inquinassent,
1055 1623 1100 1689 qn‘s‘
1184 1636 1186 1641 ’

83 1768 84 1773 ¹
128 1709 240 1772 uiderit,
258 1725 346 1771 amne,
365 1708 432 1774 quad
450 1713 572 1756 runcatur
585 1706 615 1754 in
631 1704 749 1755 eratione
766 1731 800 1741 —
818 1711 865 1754 ant
881 1721 913 1754 cx
929 1722 977 1756 sna
991 1707 1058 1756 suini
1071 1707 1099 1758 ci

127 1800 204 1861 atque
214 1800 321 1855 natura,
338 1783 489 1843 actassumi
499 1788 591 1855 faris?
608 1788 650 1839 Er
664 1805 711 1839 sua
726 1789 762 1853 ui,
777 1805 854 1856 qaum
869 1796 972 1856 autres
988 1793 1097 1856 quaesit

128 1885 199 1940 tcta,
218 1883 376 1944 quaeratur,
397 1881 444 1925 aut
457 1890 523 1941 pars
538 1874 592 1923 eius
602 1892 651 1923 -.·
670 1870 828 1924 extrinsecus
844 1880 946 1935 autem,
965 1891 1042 1940 qnam
1056 1892 1097 1938 ea,
1176 1862 1178 1866 ¹

126 1979 190 2029 quae
205 1968 266 2011 sunt
274 1960 345 2024 soris
362 1966 442 2025 neque
458 1959 594 2031 inhaerent
609 1958 638 2007 in
655 1959 822 2021 reiculam,
835 1956 1006 2024 colliguntur.
1107 1957 1110 1963 ’

162 2063 219 2115 Cic.
237 2062 270 2112 de
289 2060 365 2112 Orat.
383 2058 408 2120 2,
423 2057 466 2121 78,
483 2056 542 2108 318.
568 2059 632 2109 llaec
653 2065 740 2109 autern
759 2059 787 2108 in
810 2059 918 2109 dicenda
932 2076 984 2110 nen
999 2062 1097 2112 eatrin-

125 2163 197 2198 secas
214 2143 335 2194 alicunde
349 2141 507 2208 quaerenda,
525 2142 570 2192 sed
580 2158 611 2192 ec
626 2141 689 2208 ipsis
698 2141 838 2201 uisceribus
853 2150 960 2194 caussae
973 2145 1098 2203 sumenda

126 2235 195 2279 sant.

163 2328 220 2380 cre.
237 2328 271 2380 sid
284 2326 361 2378 Fam.
371 2323 404 2390 ,5,
420 2309 463 2391 ll,
477 2325 503 2378 2.
522 2342 600 2395 quam
612 2325 714 2395 quidem
728 2316 832 2379 landem
848 2327 994 2394 sapientiae
1010 2337 1099 2399 statua
1129 2340 1133 2348 “

128 2413 353 2476 camarinam,
385 2429 438 2462 ucn
459 2411 566 2461 aliunde
580 2411 708 2479 pendere,
734 2428 781 2461 nec
800 2412 955 2463 extrinsecus
973 2420 1021 2463 aut
1036 2414 1099 2464 lene

128 2507 175 2552 aut
189 2500 258 2549 male
274 2497 379 2549 vivendi
393 2513 529 2564 suspensas
545 2496 641 2546 labere
655 2495 777 2545 rationes.
797 2493 816 2545 ἰ.
829 2501 852 2546 e.'
871 2494 900 2551 in'
914 2493 974 2562 ipsa
987 2495 1098 2558 virtute,

126 2599 178 2633 nen
202 2581 230 2632 in
252 2581 368 2632 externis
385 2587 413 2633 cl
429 2579 524 2632 alienis
542 2579 623 2630 rebus
644 2576 754 2644 positas.
785 2579 871 2630 Varro
886 2580 919 2630 de
936 2579 967 2631 Iu.
981 2579 1011 2631 L.
1027 2579 1053 2645 l,
1072 2581 1098 2634 5.

127 2667 235 2717 nemina
243 2667 410 2717 declinantur
419 2672 465 2716 aut
473 2665 500 2715 in
509 2681 599 2715 aarum
607 2681 693 2715 rerum
702 2662 863 2727 discrimina,
873 2681 984 2733 warum
992 2659 1099 2717 nemina

126 2757 195 2813 sunl,
213 2777 246 2786 -
265 2759 311 2804 aut
327 2751 468 2802 incurres
483 2751 658 2811 extrinsecus,
675 2764 785 2814 quarunt
800 2764 831 2798 ea
842 2749 949 2799 nomina
964 2765 1017 2799 nnn
1030 2756 1099 2802 suni.

126 2837 236 2905 Deque
256 2835 351 2886 casdem
372 2852 402 2885 re
423 2833 465 2896 10,
487 2833 513 2884 2.
539 2834 652 2884 alterum
674 2833 730 2884 sinc
751 2840 885 2900 assumpta
902 2831 993 2900 aliqua
1008 2850 1099 2886 reere-

126 2921 250 2985 triasecus
263 2920 378 2988 perspici
392 2936 445 2968 noa
455 2918 546 2984 pessit.

160 3023 247 3071 Locus
263 3025 303 3071 est
316 3018 454 3071 Ciceronis
468 3019 501 3069 de
521 3018 583 3070 Nat.
598 3017 623 3071 d.
639 3018 664 3083 3,
680 3017 722 3085 14,
738 3012 780 3070 30.
804 3035 821 3071 a
837 3017 940 3071 criticis
955 3016 1054 3070 miram
1069 3016 1114 3073 in'

125 3105 236 3156 modum
257 3109 389 3154 tentatus:
405 3105 458 3154 ¹ita
473 3103 567 3166 cultis,
591 3105 699 3171 opiner,
727 3104 796 3154 niisil
814 3119 867 3154 esse
882 3103 983 3153 animal
999 3105 1099 3155 ectrin-
1196 3125 1198 3130 ·

125 3189 240 3240 secusia
254 3195 353 3238 natura
370 3194 446 3253 atque
468 3188 564 3236 munda
581 3196 686 3253 praeter
707 3188 805 3256 ignens.
849 3186 903 3236 Sed
922 3187 1024 3238 animal
1040 3188 1115 3240 sive·

128 3272 243 3325 arsimale
266 3275 307 3321 est
333 3269 376 3334 it,
407 3270 478 3336 qaod
502 3269 687 3335 anisnat'rcs,
712 3279 794 3337 alque
817 3271 918 3322 animal
940 3271 1099 3324 extrinsecus

126 3354 340 3416 neminemid,
366 3353 436 3421 quod
460 3371 493 3405 ex
513 3360 625 3406 externe
644 3361 722 3419 parte
746 3355 864 3418 animal,
890 3353 934 3405 cui
955 3355 1098 3422 opponitur

125 3439 199 3506 ignis
213 3437 375 3489 intrinsecus
389 3437 517 3490 animans.
552 3438 633 3490 Verte
647 3438 750 3506 igitur:
763 3439 930 3504 dassausser
944 3438 1001 3491 din
1015 3439 1099 3493 Fcuer

126 3525 211 3576 nicdts
225 3540 278 3574 cca
293 3524 386 3586 austeri
398 3522 554 3574 Belebendes
569 3523 723 3574 coriander
737 3520 788 3589 seq.

142 3641 173 3702 4.
198 3639 247 3702 Ita
265 3638 383 3702 dicitur
399 3658 508 3702 caussa
525 3638 695 3720 extranca,
718 3638 767 3703 vel
786 3637 835 3715 id,
852 3638 941 3725 qnod
964 3660 1031 3704 non
1057 3640 1108 3703 ad*

57 3727 165 3811 ipsam
190 3727 283 3823 rernq
312 3723 353 3786 de
381 3743 444 3807 que
470 3723 660 3809 loquimur,
699 3724 859 3810 pertinet,
887 3724 944 3788 sed
969 3746 1010 3788 err
1033 3725 1097 3789 alie

57 3831 176 3898 genere
200 3819 351 3872 sumrtur.
797 3836 801 3843 ·
936 3835 938 3839 ·

160 3928 220 3981 Iris.
236 3926 278 3993 25,
293 3927 319 3992 l,
335 3926 376 3979 10.
398 3943 476 3995 quam
491 3927 692 3980 Tarentinarum
708 3928 817 3994 desectio
836 3929 891 3979 iam
913 3927 959 3978 din
975 3932 1000 3977 et
1013 3925 1042 3976 in
1055 3942 1100 3993 spe

128 4014 278 4066 Hannibali
295 4019 319 4064 et
335 4013 363 4062 in
378 4012 522 4078 suspicione
534 4012 662 4066 Romanis
680 4010 773 4076 esset‚'
801 4028 894 4063 caussa
908 4014 981 4076 ferte
998 4009 1100 4059 enticiu-

127 4114 198 4150 secas
219 4094 396 4150 uraturandae
418 4095 473 4146 eius
494 4096 643 4160 interuenit.
674 4095 702 4164 ¹l,
717 4097 760 4162 20,
775 4095 800 4150 d.
825 4096 885 4155 belli
905 4099 1117 4174 autern-causta?
1141 4098 1147 4110 ‘
1182 4110 1200 4131 -ε
