2618 4770
556 280 631 349 ET·
1052 291 1118 362 495
1164 361 1167 365 ,

131 441 261 514 quidquid
276 437 305 491 in
318 453 351 491 ea
366 443 419 502 ast,
438 437 469 491 id
481 443 507 490 el
519 454 610 490 aarum
624 439 846 506 atnoluntarium.
880 442 997 510 hoedi,
1004 444 1047 511 aa,
1055 447 1116 501 118.

66 514 67 519 Ἰ
132 529 307 596 Xenophanes
323 553 356 563 -
370 541 451 575 unum
467 539 519 575 csse
536 524 642 586 omnia,
672 541 754 592 nequa
768 526 797 576 id
813 543 866 577 esse
879 533 1021 596 mutabile,
1046 541 1072 586 et
1087 535 1117 588 id

131 630 185 665 esse
207 614 299 674 daune,
329 616 527 678 occaecatum
553 611 679 676 nmquam
704 615 730 660 et
752 611 946 678 sempiternum.
973 615 1056 682 1,12‚
1073 617 1116 674 46,

132 699 206 749 cuins
224 697 253 747 iu
271 697 346 747 libris
366 695 436 746 nihil
456 697 630 760 affirmatur,
655 700 681 745 ct
702 693 731 743 in
753 701 1013 767 utramquepartem
1031 706 1118 758 multa

130 783 303 836 disseruntur.
335 780 370 832 de
383 779 444 832 Flu.
464 779 490 841 2,
505 777 531 834 9,
547 777 590 829 21,
617 778 736 844 equidem
752 779 819 830 illud
833 780 919 847 ipsura
934 800 988 834 non
1006 786 1118 841 nimium

81 930 84 933 ¹
128 868 228 938 probo,
266 874 292 919 at
313 871 418 917 tantum
439 864 547 931 patior,
572 863 758 930 philosophum
782 865 853 932 loqui
874 867 907 918 dc
927 870 1119 938 'cupiditatibus

126 952 265 1020 finiendis.
299 951 378 1003 Brut.
394 946 438 1012 56,
455 947 515 1000 204.
544 947 578 998 de
593 947 661 1014 [seg.
679 947 705 1009 2,
724 947 769 1012 21,
782 945 827 998 53.
856 950 904 1000 hoc
918 969 979 1002 uero
994 955 1063 1007 nihil
1078 958 1119 1009 ad
1171 954 1173 959 ’

101 1042 104 1047 “
130 1037 295 1106 pontificium
310 1024 351 1086 ius
364 1041 389 1087 et
401 1051 418 1086 c
435 1033 521 1084 madia
542 1037 581 1083 est
602 1031 659 1082 iure
681 1032 760 1082 civili.
796 1032 873 1085 Orat.
889 1031 932 1100 58,
951 1036 1010 1091 198.
1034 1043 1120 1100 omnis

131 1139 178 1174 nac
201 1122 355 1174 claudicans
376 1136 423 1171 nac
444 1117 520 1186 quasi
537 1118 674 1184 fluctuans
702 1123 728 1167 et
750 1117 895 1183 aequaliter
919 1130 1120 1194 constanterque

124 1207 286 1275 ingrediens
300 1220 441 1265 numerosa
458 1203 571 1254 halatur
589 1201 685 1253 oratio.
703 1201 888 1267 pRosahm.
905 1200 930 1267 4,
947 1205 989 1258 Ιθ.
1008 1207 1118 1280 deIoeg.

134 1289 218 1355 217,
234 1287 276 1341 43.
296 1288 321 1340 1.
338 1286 381 1352 14,
397 1285 440 1339 41.
477 1287 586 1337 Cornel.
604 1285 704 1337 Them.
719 1282 745 1348 3,
759 1283 787 1340 2.
804 1283 874 1349 cim.
888 1286 914 1350 1,
931 1286 956 1341 4.
977 1291 1076 1359 noea,
1092 1294 1118 1349 4.

134 1377 215 1429 Pauo,
232 1373 258 1438 3,
272 1372 297 1425 7.
325 1373 404 1423 Eum.
420 1369 446 1435 θ,
463 1370 487 1422 l.
508 1369 534 1434 4,
543 1370 569 1422 3.
604 1372 702 1421 Horat.
718 1368 804 1435 Epist.
819 1369 845 1434 2,
861 1371 886 1435 1,
897 1370 940 1426 53.
958 1375 1075 1430 Naeuius
1089 1381 1120 1432 in

132 1460 256 1514 manibus
271 1464 394 1522 nonest,
411 1463 436 1507 et
449 1456 579 1507 mentibus
595 1455 695 1507 haeret.
718 1454 840 1506 Martial.
855 1455 881 1521 6,
897 1455 922 1520 7,
940 1457 964 1510 1.
990 1461 1062 1514 Iulia
1078 1465 1119 1517 lan

133 1546 240 1615 populis
253 1561 285 1595 an
299 1561 357 1610 quo,
375 1540 511 1604 Faustina,
527 1545 624 1589 renata
638 1544 676 1590 est
685 1564 735 1602 ·-‚
757 1546 805 1591 aut
818 1533 967 1593 miorus'aut
982 1554 1049 1598 certa
1065 1542 1120 1601 nala

133 1627 352 1702 plaeetuooss‘na
381 1628 427 1678 lua
449 1633 503 1689 cst,
538 1630 564 1675 et
587 1623 664 1674 nubit
686 1622 784 1674 decimo
807 1625 861 1674 iam
890 1626 1029 1680 'Phalanna
1051 1633 1119 1686 uiro.

135 1713 226 1768 Tacit.
243 1710 316 1764 Hist.
334 1708 419 1774 2,14.
442 1707 565 1761 Muciani
585 1708 690 1760 animus
711 1725 759 1758 nac
785 1707 945 1775 Vespasiano
968 1713 1071 1765 alicnus
1094 1721 1122 1770 et

133 1801 163 1854 in
182 1799 270 1852 Titum
282 1795 403 1864 pronior.
436 1793 501 1845 Alia
522 1792 587 1844 vide
613 1791 685 1859 apud
704 1793 873 1844 Biinemann.
898 1793 932 1843 nd
952 1794 1119 1864 Luctantss,

134 1882 179 1947 11,
192 1881 221 1934 s
246 1865 278 1933 et
297 1880 368 1948 spuo
399 1878 547 1948 wopress.
575 1876 650 1928 nect.
674 1876 748 1928 rur.
770 1895 798 1943 p.
815 1876 873 1928 loe.
897 1875 968 1944 (aa)
996 1883 1120 1950 etopus!
1205 1946 1211 1961 s

136 1965 352 2034 Scheringluin,
377 1962 588 2045 quiObservut.
611 1960 714 2013 iacis
732 1962 811 2013 Brut.
831 1961 917 2015 edidit
933 1966 1024 2018 ann
1040 1967 1120 2022 1817.
1205 2005 1207 2011 ·

137 2053 177 2106 ud
194 2051 244 2105 29
230 2050 318 2148 ,μθ
338 2048 388 2100 ubi
402 2039 520 2121 legitur.
546 2052 639 2097 neuter
652 2047 748 2098 summi
761 2047 877 2100 oratoris
891 2049 986 2104 holuit
1003 2053 1135 2123 inccdens,⁸

135 2143 163 2191 al
174 2136 284 2204 derassa
298 2135 328 2186 iu
346 2133 436 2185 multis
451 2131 551 2184 caussis
565 2137 685 2183 uersatus
701 2137 764 2184 ast.

172 2238 230 2292 cio.
244 2255 272 2306 p.
287 2235 371 2289 Arch.
386 2233 412 2299 7,
426 2231 469 2285 16.
495 2233 601 2302 paud
577 2249 601 2286 sc
623 2250 676 2285 nan
691 2233 734 2286 hic
750 2238 842 2288 tantus
851 2237 959 2301 fructus
972 2241 1122 2298 odandere-

136 2331 199 2388 ων,
214 2331 241 2377 at
254 2323 279 2376 si
293 2338 324 2374 cc
340 2321 383 2373 his
396 2317 491 2372 studiis
507 2319 646 2372 delectatio
659 2318 718 2370 sola
732 2327 882 2388 peteretur,
899 2328 990 2374 tamen
1004 2329 1057 2378 ete.

172 2426 254 2480 ovid.
268 2426 337 2478 Har.
351 2424 378 2489 3,
393 2423 437 2476 79.
463 2437 527 2475 neca
550 2437 621 2474 meos
638 2438 727 2475 coram
741 2422 827 2476 eundi
844 2424 952 2493 patiare
972 2428 1084 2498 capillos
1096 2437 1122 2488 et

64 2550 66 2554 -
140 2513 234 2568 leniter
246 2511 336 2563 dicas:
361 2511 540 2578 huncquoque
554 2513 647 2559 nostro
655 2507 722 2573 suit.

76 2604 80 2611 ’
174 2615 276 2669 Errant
290 2628 373 2679 vero,
394 2610 442 2680 qui
456 2611 511 2663 hoc
526 2609 637 2663 nomine
651 2608 802 2664 defenduut
821 2609 881 2665 Cic.
897 2609 978 2667 catil.
994 2613 1020 2680 2,
1036 2613 1062 2682 a,
1077 2615 1120 2673 14.

127 2682 168 2754 let
189 2700 240 2753 illa
262 2705 359 2753 castra
384 2713 454 2749 nunc
479 2714 533 2749 non
558 2694 703 2749 Catilinam
725 2696 818 2749 ducem
840 2705 1005 2765 exspectant,
1032 2702 1124 2755 atille

74 2838 78 2845 ,
138 2785 235 2840 alectus
251 2782 280 2836 in
293 2781 411 2837 exsiliunt
426 2799 453 2834 sa
467 2780 632 2845 Massiliam,
657 2776 794 2845 ulainai,
822 2797 876 2833 non
896 2784 924 2834 in
949 2784 1014 2836 haec
1033 2792 1124 2840 castra
1217 2789 1219 2793 ⁴
1248 2792 1250 2799 ’

24 2870 40 2881 '
139 2872 263 2936 conferet.
298 2868 382 2924 Nulla
397 2868 470 2920 anim
489 2862 561 2920 inest
578 2864 730 2934 oppositio3
757 2872 838 2934 atque
857 2864 952 2934 inepta
966 2869 1124 2925 flsnmonoi

140 2953 276 3007 correctio
290 2955 336 3005 sed
350 2953 402 3006 illc.
424 2951 522 3006 Cicde
531 2950 641 3014 oroth,
653 2950 680 3015 2,
689 2948 714 3003 4.
737 2968 791 3002 nou
804 2944 867 3003 tulit
881 2953 941 3017 ille,
962 2960 988 3005 et
1000 2957 1125 3023 grauiter
1202 2995 1208 3003 ι

72 3093 77 3104 ,
138 3040 249 3093 accesit
285 3039 367 3090 *Male
391 3037 538 3091 Schiituius
558 3035 633 3088 dedit
654 3036 700 3088 sed
726 3036 857 3104 grauiter.
899 3038 977 3090 Brut.
999 3038 1042 3105 29,
1063 3041 1124 3095 llll.

139 3125 290 3178 chcauro
306 3130 332 3176 at
346 3123 448 3174 Rutilio
462 3123 575 3174 breuiter
596 3122 656 3173 licet
675 3119 775 3184 dicare,
801 3136 911 3188 quonum
925 3129 1017 3174 neuter
1030 3126 1126 3179 sonat

141 3209 258 3263 ornaris
279 3208 372 3261 habuit
395 3205 517 3272 laudem,
547 3213 573 3259 at
592 3214 702 3272 uterque
723 3204 752 3254 in
775 3205 865 3271 multis
884 3208 983 3260 caussis
1005 3216 1126 3265 uersatus

53 3313 56 3316 ’
141 3300 209 3348 arat.
252 3293 301 3345 ubi
323 3309 386 3344 cum
401 3290 528 3345 Emestio
546 3288 693 3342 Sehhtzius
712 3287 888 3342 scribendum
911 3309 971 3344 esse
995 3291 1127 3350 censebat

144 3383 183 3431 nt.
225 3376 282 3430 Sed
303 3377 392 3446 magis
407 3377 515 3429 fallitur
530 3373 700 3436 Ellendtius‚
727 3371 774 3439 qui
794 3388 845 3424 nec
869 3377 1053 3445 copulativam
1071 3396 1126 3433 uec

102 3451 105 3455 ¹
145 3446 348 3516 adunativum
369 3460 534 3530 particulam
557 3466 649 3525 uptam
670 3461 748 3524 putet
768 3457 876 3513 diverso
897 3463 1016 3531 tempori
1036 3465 1125 3519 verbi.

146 3543 178 3596 ld
193 3538 259 3598 vero
275 3547 377 3616 optime
392 3564 421 3600 se
435 3546 529 3599 hebet.
563 3542 648 3598 Aced.
662 3543 688 3608 2,
702 3540 745 3607 43,
761 3542 821 3594 134.
841 3539 888 3598 scd
910 3546 956 3600 ille
976 3564 1067 3603 uereor
1092 3567 1127 3603 nc

146 3629 239 3682 uirtuti
250 3631 311 3701 plus
331 3632 447 3696 tribuat,
473 3646 554 3698 qaam
569 3636 670 3682 natura
682 3627 868 3696 patiatur-*r
889 3638 915 3683 et
932 3632 975 3684 hic
992 3639 1078 3686 metuo
1091 3651 1127 3688 ne

143 3714 364 3770 dochianum
390 3715 439 3768 ubi
452 3716 587 3768 Goerenz.
604 3719 738 3768 anctore
753 3711 888 3768 dicitsed
914 3717 1126 3785 Atsimpliciter

143 3798 232 3853 nectit
247 3799 369 3854 diverses
388 3805 491 3869 pestes.
524 3802 600 3855 Male
617 3799 700 3856 etiem
721 3797 912 3899 explicuerunt
930 3801 1008 3857 leuel.
1023 3804 1067 3870 11,
1082 3802 1125 3858 13.

143 3891 169 3939 et
181 3883 289 3941 minima
302 3895 360 3940 tum
364 3888 479 3957 quidem
496 3889 549 3940 etc.

157 4025 190 4087 3.
217 4022 348 4088 Eodem
365 4020 471 4088 modo
493 4045 591 4112 saepe
616 4020 862 4125 coniunguntur
880 4047 940 4112 per
960 4036 1011 4109 et,
1040 4046 1126 4127 quo-

74 4125 152 4176 rum
165 4109 308 4180 alterum
321 4110 415 4180 alteri
421 4157 434 4198 ,
450 4111 551 4201 quod
558 4113 798 4214 negationem
785 4113 820 4181 in
833 4135 869 4179 sc
884 4111 1002 4199 hebet,
1017 4114 1125 4204 maius
