<?xml version="1.0" encoding="UTF-8"?>
<!DOCTYPE html PUBLIC "-//W3C//DTD XHTML 1.0 Transitional//EN"
    "http://www.w3.org/TR/xhtml1/DTD/xhtml1-transitional.dtd">
<html xmlns="http://www.w3.org/1999/xhtml" xml:lang="en" lang="en">
 <head>
  <title>
</title>
<meta http-equiv="Content-Type" content="text/html;charset=utf-8" />
  <meta name='ocr-system' content='tesseract 3.04.00' />
  <meta name='ocr-capabilities' content='ocr_page ocr_carea ocr_par ocr_line ocrx_word'/>
</head>
<body>
  <div class='ocr_page' id='page_1' title='image "./tursellinusseud02handgoog_0751.png"; bbox 0 0 2618 4770; ppageno 0'>
   <div class='ocr_carea' id='block_1_1' title="bbox 145 272 981 350">
    <p class='ocr_par' dir='ltr' id='par_1_1' title="bbox 145 272 981 350">
     <span class='ocr_line' id='line_1_1' title="bbox 145 272 981 350; baseline -0.005 0"><span class='ocrx_word' id='word_1_1' title='bbox 145 272 211 350; x_wconf 73' lang='grc'>720</span> <span class='ocrx_word' id='word_1_2' title='bbox 397 276 633 347; x_wconf 77' lang='lat' dir='ltr'>FORTASSE.</span> <span class='ocrx_word' id='word_1_3' title='bbox 688 278 937 349; x_wconf 76' lang='lat' dir='ltr'>uoursssts.</span> <span class='ocrx_word' id='word_1_4' title='bbox 978 333 981 337; x_wconf 90' lang='lat'>.</span> 
     </span>
    </p>
   </div>
   <div class='ocr_carea' id='block_1_2' title="bbox 140 432 1192 862">
    <p class='ocr_par' dir='ltr' id='par_1_2' title="bbox 140 432 1192 862">
     <span class='ocr_line' id='line_1_2' title="bbox 145 432 1192 520; baseline 0 -20"><span class='ocrx_word' id='word_1_5' title='bbox 145 436 183 502; x_wconf 82' lang='lat' dir='ltr'>ln</span> <span class='ocrx_word' id='word_1_6' title='bbox 203 436 242 499; x_wconf 91' lang='lat' dir='ltr'>iis</span> <span class='ocrx_word' id='word_1_7' title='bbox 258 454 357 514; x_wconf 84' lang='lat' dir='ltr'>vcro,</span> <span class='ocrx_word' id='word_1_8' title='bbox 383 456 466 520; x_wconf 91' lang='lat' dir='ltr'>quae</span> <span class='ocrx_word' id='word_1_9' title='bbox 485 432 590 498; x_wconf 90' lang='lat' dir='ltr'>modo</span> <span class='ocrx_word' id='word_1_10' title='bbox 614 432 799 507; x_wconf 89' lang='lat' dir='ltr'>attulimus,</span> <span class='ocrx_word' id='word_1_11' title='bbox 821 443 898 498; x_wconf 86' lang='lat' dir='ltr'>sunt</span> <span class='ocrx_word' id='word_1_12' title='bbox 924 435 1077 520; x_wconf 67' lang='lat' dir='ltr'>exempla</span> <span class='ocrx_word' id='word_1_13' title='bbox 1100 436 1192 515; x_wconf 76' lang='lat' dir='ltr'>hirii,</span> 
     </span>
     <span class='ocr_line' id='line_1_3' title="bbox 145 518 1192 608; baseline -0.004 -21"><span class='ocrx_word' id='word_1_14' title='bbox 145 522 243 587; x_wconf 81' lang='lat' dir='ltr'>Hirtii</span> <span class='ocrx_word' id='word_1_15' title='bbox 266 542 323 585; x_wconf 89' lang='lat' dir='ltr'>seu</span> <span class='ocrx_word' id='word_1_16' title='bbox 347 519 490 605; x_wconf 88' lang='lat' dir='ltr'>quisquis</span> <span class='ocrx_word' id='word_1_17' title='bbox 514 519 682 605; x_wconf 80' lang='lat' dir='ltr'>scripserit</span> <span class='ocrx_word' id='word_1_18' title='bbox 705 518 830 583; x_wconf 85' lang='lat' dir='ltr'>bellum</span> <span class='ocrx_word' id='word_1_19' title='bbox 855 518 1058 603; x_wconf 78' lang='lat' dir='ltr'>africanum,</span> <span class='ocrx_word' id='word_1_20' title='bbox 1091 522 1192 608; x_wconf 68' lang='lat' dir='ltr'>Sym.</span> 
     </span>
     <span class='ocr_line' id='line_1_4' title="bbox 140 605 1191 693; baseline -0.001 -22"><span class='ocrx_word' id='word_1_21' title='bbox 140 605 272 679; x_wconf 82' lang='lat' dir='ltr'>anochi,</span> <span class='ocrx_word' id='word_1_22' title='bbox 292 626 394 692; x_wconf 90' lang='lat' dir='ltr'>pauca</span> <span class='ocrx_word' id='word_1_23' title='bbox 408 605 561 691; x_wconf 89' lang='lat' dir='ltr'>quidem,</span> <span class='ocrx_word' id='word_1_24' title='bbox 580 614 693 667; x_wconf 71' lang='lat' dir='ltr'>umen</span> <span class='ocrx_word' id='word_1_25' title='bbox 708 606 834 690; x_wconf 85' lang='lat' dir='ltr'>integra</span> <span class='ocrx_word' id='word_1_26' title='bbox 857 614 902 669; x_wconf 86' lang='lat' dir='ltr'>ot·</span> <span class='ocrx_word' id='word_1_27' title='bbox 914 627 957 669; x_wconf 85' lang='lat' dir='ltr'>ex</span> <span class='ocrx_word' id='word_1_28' title='bbox 981 626 1046 669; x_wconf 88' lang='lat' dir='ltr'>usu</span> <span class='ocrx_word' id='word_1_29' title='bbox 1072 619 1191 693; x_wconf 90' lang='lat' dir='ltr'>poeta-</span> 
     </span>
     <span class='ocr_line' id='line_1_5' title="bbox 145 688 1189 777; baseline 0.002 -22"><span class='ocrx_word' id='word_1_30' title='bbox 145 714 221 756; x_wconf 87' lang='lat' dir='ltr'>rum</span> <span class='ocrx_word' id='word_1_31' title='bbox 236 700 378 777; x_wconf 86' lang='lat' dir='ltr'>sumpta.</span> <span class='ocrx_word' id='word_1_32' title='bbox 427 689 524 776; x_wconf 77' lang='lat' dir='ltr'>Apud</span> <span class='ocrx_word' id='word_1_33' title='bbox 548 688 717 772; x_wconf 86' lang='lat' dir='ltr'>Plautum,</span> <span class='ocrx_word' id='word_1_34' title='bbox 743 688 956 767; x_wconf 83' lang='lat' dir='ltr'>Terentium,</span> <span class='ocrx_word' id='word_1_35' title='bbox 990 691 1189 757; x_wconf 80' lang='lat' dir='ltr'>Ciceronem</span> 
     </span>
     <span class='ocr_line' id='line_1_6' title="bbox 145 774 665 862; baseline -0.008 -20"><span class='ocrx_word' id='word_1_36' title='bbox 145 778 274 842; x_wconf 85' lang='lat' dir='ltr'>nullum</span> <span class='ocrx_word' id='word_1_37' title='bbox 296 774 468 860; x_wconf 76' lang='lat' dir='ltr'>vestigium</span> <span class='ocrx_word' id='word_1_38' title='bbox 490 775 665 862; x_wconf 80' lang='lat' dir='ltr'>reperitur.</span> 
     </span>
    </p>
   </div>
   <div class='ocr_carea' id='block_1_3' title="bbox 282 956 1030 1048">
    <p class='ocr_par' dir='ltr' id='par_1_3' title="bbox 282 956 1030 1048">
     <span class='ocr_line' id='line_1_7' title="bbox 282 956 1030 1048; baseline 0.003 -2"><span class='ocrx_word' id='word_1_39' title='bbox 282 957 624 1048; x_wconf 85' lang='lat' dir='ltr'><strong>FORTASSE.</strong></span> <span class='ocrx_word' id='word_1_40' title='bbox 676 956 1030 1048; x_wconf 80' lang='lat' dir='ltr'><strong>FORTASSIS.</strong></span> 
     </span>
    </p>
   </div>
   <div class='ocr_carea' id='block_1_4' title="bbox 125 1104 1186 4179">
    <p class='ocr_par' dir='ltr' id='par_1_4' title="bbox 133 1104 1186 3150">
     <span class='ocr_line' id='line_1_8' title="bbox 225 1104 1186 1181; baseline 0.001 -7"><span class='ocrx_word' id='word_1_41' title='bbox 225 1108 406 1175; x_wconf 79' lang='lat' dir='ltr'>Fonrnssrc</span> <span class='ocrx_word' id='word_1_42' title='bbox 427 1117 460 1170; x_wconf 87' lang='lat' dir='ltr'>et</span> <span class='ocrx_word' id='word_1_43' title='bbox 487 1124 674 1173; x_wconf 75' lang='lat' dir='ltr'>roarassrs</span> <span class='ocrx_word' id='word_1_44' title='bbox 705 1106 788 1173; x_wconf 88' lang='lat' dir='ltr'>duae</span> <span class='ocrx_word' id='word_1_45' title='bbox 817 1111 895 1171; x_wconf 80' lang='lat' dir='ltr'>rant</span> <span class='ocrx_word' id='word_1_46' title='bbox 925 1104 1060 1179; x_wconf 84' lang='lat' dir='ltr'>formae</span> <span class='ocrx_word' id='word_1_47' title='bbox 1094 1110 1186 1181; x_wconf 81' lang='lat' dir='ltr'>uniar</span> 
     </span>
     <span class='ocr_line' id='line_1_9' title="bbox 143 1191 1184 1284; baseline 0.001 -24"><span class='ocrx_word' id='word_1_48' title='bbox 143 1194 288 1260; x_wconf 91' lang='lat' dir='ltr'>nominis</span> <span class='ocrx_word' id='word_1_49' title='bbox 305 1192 490 1284; x_wconf 72' lang='lat' dir='ltr'>fortassis,</span> <span class='ocrx_word' id='word_1_50' title='bbox 524 1191 624 1257; x_wconf 88' lang='lat' dir='ltr'>altera</span> <span class='ocrx_word' id='word_1_51' title='bbox 650 1193 778 1278; x_wconf 87' lang='lat' dir='ltr'>generis</span> <span class='ocrx_word' id='word_1_52' title='bbox 801 1191 950 1255; x_wconf 89' lang='lat' dir='ltr'>neutrius</span> <span class='ocrx_word' id='word_1_53' title='bbox 973 1196 1184 1269; x_wconf 80' lang='lat' dir='ltr'>accusativus,</span> 
     </span>
     <span class='ocr_line' id='line_1_10' title="bbox 144 1276 1185 1366; baseline -0.001 -20"><span class='ocrx_word' id='word_1_54' title='bbox 144 1281 244 1346; x_wconf 84' lang='lat' dir='ltr'>altera</span> <span class='ocrx_word' id='word_1_55' title='bbox 266 1279 442 1366; x_wconf 81' lang='lat' dir='ltr'>genitivus:</span> <span class='ocrx_word' id='word_1_56' title='bbox 473 1276 573 1343; x_wconf 84' lang='lat' dir='ltr'>veluti</span> <span class='ocrx_word' id='word_1_57' title='bbox 593 1276 709 1363; x_wconf 81' lang='lat' dir='ltr'>magis</span> <span class='ocrx_word' id='word_1_58' title='bbox 732 1287 764 1339; x_wconf 92' lang='lat' dir='ltr'>et</span> <span class='ocrx_word' id='word_1_59' title='bbox 788 1298 911 1363; x_wconf 79' lang='lat' dir='ltr'>muge,</span> <span class='ocrx_word' id='word_1_60' title='bbox 940 1280 1029 1342; x_wconf 85' lang='lat' dir='ltr'>sotis</span> <span class='ocrx_word' id='word_1_61' title='bbox 1057 1289 1091 1344; x_wconf 88' lang='lat' dir='ltr'>et</span> <span class='ocrx_word' id='word_1_62' title='bbox 1114 1292 1185 1345; x_wconf 86' lang='lat' dir='ltr'>sate</span> 
     </span>
     <span class='ocr_line' id='line_1_11' title="bbox 143 1361 1185 1452; baseline 0.001 -23"><span class='ocrx_word' id='word_1_63' title='bbox 143 1368 210 1431; x_wconf 82' lang='lat' dir='ltr'>sire</span> <span class='ocrx_word' id='word_1_64' title='bbox 232 1375 306 1436; x_wconf 84' lang='lat' dir='ltr'>sut,</span> <span class='ocrx_word' id='word_1_65' title='bbox 338 1373 470 1426; x_wconf 73' lang='lat' dir='ltr'>traceam</span> <span class='ocrx_word' id='word_1_66' title='bbox 496 1368 529 1426; x_wconf 87' lang='lat' dir='ltr'>et</span> <span class='ocrx_word' id='word_1_67' title='bbox 551 1362 706 1429; x_wconf 68' lang='lat' dir='ltr'>nonusis.</span> <span class='ocrx_word' id='word_1_68' title='bbox 756 1361 912 1425; x_wconf 84' lang='lat' dir='ltr'>Extrema</span> <span class='ocrx_word' id='word_1_69' title='bbox 942 1365 1033 1427; x_wconf 89' lang='lat' dir='ltr'>anim</span> <span class='ocrx_word' id='word_1_70' title='bbox 1066 1365 1185 1452; x_wconf 87' lang='lat' dir='ltr'>syllaba</span> 
     </span>
     <span class='ocr_line' id='line_1_12' title="bbox 141 1446 1184 1536; baseline 0 -21"><span class='ocrx_word' id='word_1_71' title='bbox 141 1472 211 1516; x_wconf 91' lang='lat' dir='ltr'>non</span> <span class='ocrx_word' id='word_1_72' title='bbox 228 1448 400 1514; x_wconf 85' lang='lat' dir='ltr'>conficitur</span> <span class='ocrx_word' id='word_1_73' title='bbox 414 1456 570 1534; x_wconf 83' lang='lat' dir='ltr'>corrupta</span> <span class='ocrx_word' id='word_1_74' title='bbox 592 1446 864 1534; x_wconf 79' lang='lat' dir='ltr'>pronuntiatione</span> <span class='ocrx_word' id='word_1_75' title='bbox 886 1447 976 1511; x_wconf 79' lang='lat' dir='ltr'>verbi</span> <span class='ocrx_word' id='word_1_76' title='bbox 999 1449 1068 1529; x_wconf 85' lang='lat' dir='ltr'>sit,</span> <span class='ocrx_word' id='word_1_77' title='bbox 1097 1452 1184 1536; x_wconf 80' lang='lat' dir='ltr'>qunti</span> 
     </span>
     <span class='ocr_line' id='line_1_13' title="bbox 141 1529 1183 1619; baseline 0 -18"><span class='ocrx_word' id='word_1_78' title='bbox 141 1538 223 1603; x_wconf 88' lang='lat' dir='ltr'>olim</span> <span class='ocrx_word' id='word_1_79' title='bbox 247 1534 361 1601; x_wconf 83' lang='lat' dir='ltr'>fuisset</span> <span class='ocrx_word' id='word_1_80' title='bbox 377 1529 475 1619; x_wconf 83' lang='lat' dir='ltr'>forte</span> <span class='ocrx_word' id='word_1_81' title='bbox 497 1557 545 1596; x_wconf 85' lang='lat' dir='ltr'>on</span> <span class='ocrx_word' id='word_1_82' title='bbox 566 1534 632 1611; x_wconf 86' lang='lat' dir='ltr'>sit,</span> <span class='ocrx_word' id='word_1_83' title='bbox 669 1532 720 1597; x_wconf 85' lang='lat' dir='ltr'>vol</span> <span class='ocrx_word' id='word_1_84' title='bbox 739 1542 779 1597; x_wconf 82' lang='lat' dir='ltr'>at</span> <span class='ocrx_word' id='word_1_85' title='bbox 799 1532 1031 1611; x_wconf 69' lang='lat' dir='ltr'>Ramshornio-</span> <span class='ocrx_word' id='word_1_86' title='bbox 1047 1534 1183 1618; x_wconf 78' lang='lat' dir='ltr'>ridetur,</span> 
     </span>
     <span class='ocr_line' id='line_1_14' title="bbox 138 1615 1182 1714; baseline -0.002 -28"><span class='ocrx_word' id='word_1_87' title='bbox 138 1620 230 1710; x_wconf 74' lang='lat' dir='ltr'>sorte</span> <span class='ocrx_word' id='word_1_88' title='bbox 247 1644 295 1685; x_wconf 85' lang='lat' dir='ltr'>on</span> <span class='ocrx_word' id='word_1_89' title='bbox 316 1619 347 1682; x_wconf 86' lang='lat' dir='ltr'>ai</span> <span class='ocrx_word' id='word_1_90' title='bbox 360 1620 427 1697; x_wconf 76' lang='lat' dir='ltr'>ota,</span> <span class='ocrx_word' id='word_1_91' title='bbox 447 1618 505 1680; x_wconf 92' lang='lat' dir='ltr'>sed</span> <span class='ocrx_word' id='word_1_92' title='bbox 524 1618 617 1681; x_wconf 84' lang='lat' dir='ltr'>rerba</span> <span class='ocrx_word' id='word_1_93' title='bbox 626 1616 723 1706; x_wconf 81' lang='lat' dir='ltr'>sorte</span> <span class='ocrx_word' id='word_1_94' title='bbox 747 1641 795 1681; x_wconf 89' lang='lat' dir='ltr'>an</span> <span class='ocrx_word' id='word_1_95' title='bbox 817 1617 885 1699; x_wconf 70' lang='lat' dir='ltr'>sire</span> <span class='ocrx_word' id='word_1_96' title='bbox 897 1615 1030 1714; x_wconf 78' lang='lat' dir='ltr'>jorton</span> <span class='ocrx_word' id='word_1_97' title='bbox 1052 1620 1182 1689; x_wconf 84' lang='lat' dir='ltr'>adiecti-</span> 
     </span>
     <span class='ocr_line' id='line_1_15' title="bbox 142 1701 1181 1789; baseline -0.002 -17"><span class='ocrx_word' id='word_1_98' title='bbox 142 1730 215 1773; x_wconf 86' lang='lat' dir='ltr'>vam</span> <span class='ocrx_word' id='word_1_99' title='bbox 233 1712 427 1789; x_wconf 88' lang='lat' dir='ltr'>aeceperunt</span> <span class='ocrx_word' id='word_1_100' title='bbox 440 1703 705 1783; x_wconf 83' lang='lat' dir='ltr'>terminationem</span> <span class='ocrx_word' id='word_1_101' title='bbox 730 1701 940 1781; x_wconf 77' lang='lat' dir='ltr'>intensionis,</span> <span class='ocrx_word' id='word_1_102' title='bbox 993 1721 1057 1769; x_wconf 83' lang='lat' dir='ltr'>uae</span> <span class='ocrx_word' id='word_1_103' title='bbox 1082 1720 1131 1775; x_wconf 81' lang='lat' dir='ltr'>cst</span> <span class='ocrx_word' id='word_1_104' title='bbox 1151 1706 1181 1770; x_wconf 89' lang='lat' dir='ltr'>in</span> 
     </span>
     <span class='ocr_line' id='line_1_16' title="bbox 140 1727 1178 1875; baseline -0.005 -16"><span class='ocrx_word' id='word_1_105' title='bbox 140 1792 286 1859; x_wconf 72' lang='lat' dir='ltr'>mcessr&#39;a</span> <span class='ocrx_word' id='word_1_106' title='bbox 306 1789 384 1872; x_wconf 88' lang='lat' dir='ltr'>(vid.</span> <span class='ocrx_word' id='word_1_107' title='bbox 401 1788 522 1851; x_wconf 87' lang='lat' dir='ltr'>Donat.</span> <span class='ocrx_word' id='word_1_108' title='bbox 539 1786 580 1853; x_wconf 90' lang='lat' dir='ltr'>ad</span> <span class='ocrx_word' id='word_1_109' title='bbox 597 1782 628 1851; x_wconf 84' lang='lat' dir='ltr'>T</span> <span class='ocrx_word' id='word_1_110' title='bbox 630 1789 732 1855; x_wconf 79' lang='lat' dir='ltr'>erent.</span> <span class='ocrx_word' id='word_1_111' title='bbox 750 1787 836 1851; x_wconf 80' lang='lat' dir='ltr'>Eun·</span> <span class='ocrx_word' id='word_1_112' title='bbox 847 1789 878 1865; x_wconf 80' lang='lat'>5,</span> <span class='ocrx_word' id='word_1_113' title='bbox 887 1791 918 1859; x_wconf 86' lang='grc'>6,</span> <span class='ocrx_word' id='word_1_114' title='bbox 928 1727 996 1875; x_wconf 49' lang='lat'>283</span> <span class='ocrx_word' id='word_1_115' title='bbox 1020 1813 1178 1867; x_wconf 76' lang='lat' dir='ltr'>ancoram,</span> 
     </span>
     <span class='ocr_line' id='line_1_17' title="bbox 141 1870 1179 1963; baseline 0.001 -21"><span class='ocrx_word' id='word_1_116' title='bbox 141 1876 176 1943; x_wconf 89' lang='lat' dir='ltr'>id</span> <span class='ocrx_word' id='word_1_117' title='bbox 200 1886 247 1940; x_wconf 91' lang='lat' dir='ltr'>est</span> <span class='ocrx_word' id='word_1_118' title='bbox 270 1892 408 1946; x_wconf 79' lang='lat' dir='ltr'>nexrzm,</span> <span class='ocrx_word' id='word_1_119' title='bbox 438 1870 538 1934; x_wconf 83' lang='lat' dir='ltr'>facto.</span> <span class='ocrx_word' id='word_1_120' title='bbox 595 1871 682 1935; x_wconf 89' lang='lat' dir='ltr'>Haec</span> <span class='ocrx_word' id='word_1_121' title='bbox 717 1882 794 1958; x_wconf 91' lang='lat' dir='ltr'>apta</span> <span class='ocrx_word' id='word_1_122' title='bbox 835 1872 984 1959; x_wconf 85' lang='lat' dir='ltr'>analogia</span> <span class='ocrx_word' id='word_1_123' title='bbox 1014 1884 1179 1963; x_wconf 85' lang='lat' dir='ltr'>reguntur.</span> 
     </span>
     <span class='ocr_line' id='line_1_18' title="bbox 143 1955 1179 2048; baseline 0.003 -26"><span class='ocrx_word' id='word_1_124' title='bbox 143 1964 350 2044; x_wconf 79' lang='lat' dir='ltr'>Quamquam</span> <span class='ocrx_word' id='word_1_125' title='bbox 376 1955 563 2020; x_wconf 80' lang='lat' dir='ltr'>Gronovius</span> <span class='ocrx_word' id='word_1_126' title='bbox 592 1956 710 2043; x_wconf 90' lang='lat' dir='ltr'>aliique</span> <span class='ocrx_word' id='word_1_127' title='bbox 733 1956 936 2043; x_wconf 84' lang='lat' dir='ltr'>grammatici</span> <span class='ocrx_word' id='word_1_128' title='bbox 959 1958 1051 2023; x_wconf 92' lang='lat' dir='ltr'>haud</span> <span class='ocrx_word' id='word_1_129' title='bbox 1077 1960 1179 2048; x_wconf 85' lang='lat' dir='ltr'>despi-</span> 
     </span>
     <span class='ocr_line' id='line_1_19' title="bbox 140 2042 1177 2129; baseline 0.002 -20"><span class='ocrx_word' id='word_1_130' title='bbox 140 2045 243 2109; x_wconf 86' lang='lat' dir='ltr'>ciendi</span> <span class='ocrx_word' id='word_1_131' title='bbox 261 2042 301 2107; x_wconf 87' lang='lat' dir='ltr'>ad</span> <span class='ocrx_word' id='word_1_132' title='bbox 320 2045 415 2106; x_wconf 89' lang='lat' dir='ltr'>istam</span> <span class='ocrx_word' id='word_1_133' title='bbox 436 2043 609 2129; x_wconf 79' lang='lat' dir='ltr'>corruptae</span> <span class='ocrx_word' id='word_1_134' title='bbox 629 2042 908 2129; x_wconf 82' lang='lat' dir='ltr'>pronuntiationis</span> <span class='ocrx_word' id='word_1_135' title='bbox 930 2065 1081 2109; x_wconf 87' lang='lat' dir='ltr'>caussam</span> <span class='ocrx_word' id='word_1_136' title='bbox 1101 2070 1177 2111; x_wconf 91' lang='lat' dir='ltr'>con·</span> 
     </span>
     <span class='ocr_line' id='line_1_20' title="bbox 139 2124 1176 2219; baseline 0.002 -25"><span class='ocrx_word' id='word_1_137' title='bbox 139 2124 282 2219; x_wconf 55' lang='lat' dir='ltr'>fugiunt,</span> <span class='ocrx_word' id='word_1_138' title='bbox 325 2129 460 2191; x_wconf 75' lang='lat' dir='ltr'>atvero</span> <span class='ocrx_word' id='word_1_139' title='bbox 484 2126 563 2190; x_wconf 88' lang='lat' dir='ltr'>haec</span> <span class='ocrx_word' id='word_1_140' title='bbox 587 2127 822 2192; x_wconf 87' lang='lat' dir='ltr'>vocabulorum</span> <span class='ocrx_word' id='word_1_141' title='bbox 847 2128 942 2214; x_wconf 89' lang='lat' dir='ltr'>origo</span> <span class='ocrx_word' id='word_1_142' title='bbox 964 2130 1000 2193; x_wconf 91' lang='lat' dir='ltr'>in</span> <span class='ocrx_word' id='word_1_143' title='bbox 1025 2153 1176 2217; x_wconf 89' lang='lat' dir='ltr'>pronun·</span> 
     </span>
     <span class='ocr_line' id='line_1_21' title="bbox 138 2212 1176 2304; baseline 0.001 -25"><span class='ocrx_word' id='word_1_144' title='bbox 138 2215 240 2280; x_wconf 85' lang='lat' dir='ltr'>tioudi</span> <span class='ocrx_word' id='word_1_145' title='bbox 264 2213 343 2278; x_wconf 87' lang='lat' dir='ltr'>vitio</span> <span class='ocrx_word' id='word_1_146' title='bbox 368 2212 447 2289; x_wconf 87' lang='lat' dir='ltr'>sita,</span> <span class='ocrx_word' id='word_1_147' title='bbox 471 2212 530 2276; x_wconf 87' lang='lat' dir='ltr'>et&#39;si</span> <span class='ocrx_word' id='word_1_148' title='bbox 553 2212 586 2277; x_wconf 88' lang='lat' dir='ltr'>in</span> <span class='ocrx_word' id='word_1_149' title='bbox 610 2226 813 2301; x_wconf 86' lang='lat' dir='ltr'>quacumque</span> <span class='ocrx_word' id='word_1_150' title='bbox 828 2212 873 2276; x_wconf 85' lang='lat' dir='ltr'>lin</span> <span class='ocrx_word' id='word_1_151' title='bbox 897 2232 937 2277; x_wconf 88' lang='lat' dir='ltr'>ua</span> <span class='ocrx_word' id='word_1_152' title='bbox 953 2236 1011 2278; x_wconf 89' lang='lat' dir='ltr'>sua</span> <span class='ocrx_word' id='word_1_153' title='bbox 1029 2218 1176 2304; x_wconf 82' lang='lat' dir='ltr'>exempla</span> 
     </span>
     <span class='ocr_line' id='line_1_22' title="bbox 138 2235 1175 2388; baseline -0.001 -23"><span class='ocrx_word' id='word_1_154' title='bbox 138 2298 256 2380; x_wconf 89' lang='lat' dir='ltr'>lrabet,</span> <span class='ocrx_word' id='word_1_155' title='bbox 287 2298 343 2363; x_wconf 91' lang='lat' dir='ltr'>sed</span> <span class='ocrx_word' id='word_1_156' title='bbox 367 2318 487 2384; x_wconf 86' lang='lat' dir='ltr'>pauca,</span> <span class='ocrx_word' id='word_1_157' title='bbox 522 2300 655 2384; x_wconf 89' lang='lat' dir='ltr'>semper</span> <span class='ocrx_word' id='word_1_158' title='bbox 673 2299 740 2362; x_wconf 84' lang='lat' dir='ltr'>&#39;erit</span> <span class='ocrx_word' id='word_1_159' title='bbox 765 2235 946 2362; x_wconf 67' lang='lat' dir='ltr'>admodum</span> <span class='ocrx_word' id='word_1_160' title='bbox 962 2299 1127 2388; x_wconf 85' lang='lat' dir='ltr'>ambigua</span> <span class='ocrx_word' id='word_1_161' title='bbox 1150 2312 1175 2366; x_wconf 90' lang='lat' dir='ltr'>et</span> 
     </span>
     <span class='ocr_line' id='line_1_23' title="bbox 138 2382 1176 2473; baseline 0.002 -24"><span class='ocrx_word' id='word_1_162' title='bbox 138 2397 298 2473; x_wconf 90' lang='lat' dir='ltr'>suspecta,</span> <span class='ocrx_word' id='word_1_163' title='bbox 320 2405 379 2446; x_wconf 89' lang='lat' dir='ltr'>nec</span> <span class='ocrx_word' id='word_1_164' title='bbox 401 2382 489 2446; x_wconf 85' lang='lat' dir='ltr'>decet</span> <span class='ocrx_word' id='word_1_165' title='bbox 503 2384 698 2468; x_wconf 85' lang='lat' dir='ltr'>prudentem</span> <span class='ocrx_word' id='word_1_166' title='bbox 714 2384 974 2470; x_wconf 86' lang='lat' dir='ltr'>grammaticum,</span> <span class='ocrx_word' id='word_1_167' title='bbox 991 2384 1050 2448; x_wconf 89' lang='lat' dir='ltr'>ubi</span> <span class='ocrx_word' id='word_1_168' title='bbox 1068 2389 1176 2451; x_wconf 89' lang='lat' dir='ltr'>analo-</span> 
     </span>
     <span class='ocr_line' id='line_1_24' title="bbox 137 2468 1174 2556; baseline 0.001 -21"><span class='ocrx_word' id='word_1_169' title='bbox 137 2473 189 2556; x_wconf 86' lang='lat' dir='ltr'>gia</span> <span class='ocrx_word' id='word_1_170' title='bbox 207 2482 292 2535; x_wconf 88' lang='lat' dir='ltr'>certa</span> <span class='ocrx_word' id='word_1_171' title='bbox 307 2470 469 2553; x_wconf 84' lang='lat' dir='ltr'>suppetit,</span> <span class='ocrx_word' id='word_1_172' title='bbox 491 2490 646 2552; x_wconf 90' lang='lat' dir='ltr'>quaerere</span> <span class='ocrx_word' id='word_1_173' title='bbox 663 2469 721 2531; x_wconf 90' lang='lat' dir='ltr'>has</span> <span class='ocrx_word' id='word_1_174' title='bbox 737 2468 875 2532; x_wconf 86' lang='lat' dir='ltr'>latebras</span> <span class='ocrx_word' id='word_1_175' title='bbox 887 2469 1054 2534; x_wconf 87' lang='lat' dir='ltr'>obscuras.</span> <span class='ocrx_word' id='word_1_176' title='bbox 1097 2475 1174 2536; x_wconf 87' lang='lat' dir='ltr'>Nam</span> 
     </span>
     <span class='ocr_line' id='line_1_25' title="bbox 138 2553 1173 2642; baseline 0.002 -24"><span class='ocrx_word' id='word_1_177' title='bbox 138 2557 228 2642; x_wconf 92' lang='lat' dir='ltr'>quod</span> <span class='ocrx_word' id='word_1_178' title='bbox 249 2554 455 2618; x_wconf 88' lang='lat' dir='ltr'>Gronovium</span> <span class='ocrx_word' id='word_1_179' title='bbox 478 2554 512 2616; x_wconf 93' lang='lat' dir='ltr'>in</span> <span class='ocrx_word' id='word_1_180' title='bbox 537 2553 673 2619; x_wconf 89' lang='lat' dir='ltr'>Observ.</span> <span class='ocrx_word' id='word_1_181' title='bbox 695 2561 726 2633; x_wconf 81' lang='lat'>3,</span> <span class='ocrx_word' id='word_1_182' title='bbox 749 2556 780 2616; x_wconf 88' lang='lat'>9.</span> <span class='ocrx_word' id='word_1_183' title='bbox 811 2556 1010 2635; x_wconf 84' lang='lat' dir='ltr'>commovit,</span> <span class='ocrx_word' id='word_1_184' title='bbox 1043 2569 1078 2621; x_wconf 85' lang='lat' dir='ltr'>ut</span> <span class='ocrx_word' id='word_1_185' title='bbox 1097 2558 1173 2620; x_wconf 80' lang='lat' dir='ltr'>lianc</span> 
     </span>
     <span class='ocr_line' id='line_1_26' title="bbox 136 2638 1172 2728; baseline 0.002 -24"><span class='ocrx_word' id='word_1_186' title='bbox 136 2641 332 2704; x_wconf 88' lang='lat' dir='ltr'>sententiam</span> <span class='ocrx_word' id='word_1_187' title='bbox 354 2639 393 2700; x_wconf 93' lang='lat' dir='ltr'>de</span> <span class='ocrx_word' id='word_1_188' title='bbox 413 2638 526 2717; x_wconf 90' lang='lat' dir='ltr'>tacita,</span> <span class='ocrx_word' id='word_1_189' title='bbox 550 2661 632 2723; x_wconf 89' lang='lat' dir='ltr'>quae</span> <span class='ocrx_word' id='word_1_190' title='bbox 659 2639 854 2728; x_wconf 79' lang='lat' dir='ltr'>insertasse</span> <span class='ocrx_word' id='word_1_191' title='bbox 877 2641 1013 2720; x_wconf 88' lang='lat' dir='ltr'>inesset,</span> <span class='ocrx_word' id='word_1_192' title='bbox 1044 2642 1075 2706; x_wconf 90' lang='lat' dir='ltr'>vi</span> <span class='ocrx_word' id='word_1_193' title='bbox 1096 2642 1172 2706; x_wconf 87' lang='lat' dir='ltr'>finiti</span> 
     </span>
     <span class='ocr_line' id='line_1_27' title="bbox 137 2721 1171 2810; baseline 0.001 -21"><span class='ocrx_word' id='word_1_194' title='bbox 137 2725 229 2801; x_wconf 87' lang='lat' dir='ltr'>verbi</span> <span class='ocrx_word' id='word_1_195' title='bbox 262 2723 469 2804; x_wconf 89' lang='lat' dir='ltr'>defenderet,</span> <span class='ocrx_word' id='word_1_196' title='bbox 503 2721 680 2795; x_wconf 86' lang='lat' dir='ltr'>infinitivus</span> <span class='ocrx_word' id='word_1_197' title='bbox 697 2734 766 2787; x_wconf 86' lang='lat' dir='ltr'>erat</span> <span class='ocrx_word' id='word_1_198' title='bbox 790 2722 878 2810; x_wconf 89' lang='lat' dir='ltr'>apud</span> <span class='ocrx_word' id='word_1_199' title='bbox 902 2721 1171 2799; x_wconf 63' lang='lat' dir='ltr'>comicos&#39;inter-</span> 
     </span>
     <span class='ocr_line' id='line_1_28' title="bbox 136 2806 1172 2895; baseline 0.002 -22"><span class='ocrx_word' id='word_1_200' title='bbox 136 2809 216 2873; x_wconf 91' lang='lat' dir='ltr'>dum</span> <span class='ocrx_word' id='word_1_201' title='bbox 242 2830 316 2871; x_wconf 90' lang='lat' dir='ltr'>cum</span> <span class='ocrx_word' id='word_1_202' title='bbox 348 2806 409 2871; x_wconf 89' lang='lat' dir='ltr'>hac</span> <span class='ocrx_word' id='word_1_203' title='bbox 438 2809 593 2895; x_wconf 88' lang='lat' dir='ltr'>particula</span> <span class='ocrx_word' id='word_1_204' title='bbox 618 2810 829 2889; x_wconf 89' lang='lat' dir='ltr'>coniunctus,</span> <span class='ocrx_word' id='word_1_205' title='bbox 864 2811 953 2873; x_wconf 89' lang='lat' dir='ltr'>cuius</span> <span class='ocrx_word' id='word_1_206' title='bbox 981 2834 1094 2877; x_wconf 78' lang='lat' dir='ltr'>natissa</span> <span class='ocrx_word' id='word_1_207' title='bbox 1119 2814 1172 2876; x_wconf 91' lang='lat' dir='ltr'>alia</span> 
     </span>
     <span class='ocr_line' id='line_1_29' title="bbox 136 2893 1171 2980; baseline 0.002 -22"><span class='ocrx_word' id='word_1_208' title='bbox 136 2895 278 2958; x_wconf 89' lang='lat' dir='ltr'>occurrit</span> <span class='ocrx_word' id='word_1_209' title='bbox 293 2895 410 2957; x_wconf 83' lang='lat' dir='ltr'>certior</span> <span class='ocrx_word' id='word_1_210' title='bbox 426 2904 457 2955; x_wconf 91' lang='lat' dir='ltr'>et</span> <span class='ocrx_word' id='word_1_211' title='bbox 476 2894 678 2980; x_wconf 83' lang='lat' dir='ltr'>simplicior,</span> <span class='ocrx_word' id='word_1_212' title='bbox 697 2904 734 2957; x_wconf 90' lang='lat' dir='ltr'>ut</span> <span class='ocrx_word' id='word_1_213' title='bbox 750 2893 838 2957; x_wconf 88' lang='lat' dir='ltr'>infra</span> <span class='ocrx_word' id='word_1_214' title='bbox 857 2894 974 2958; x_wconf 89' lang='lat' dir='ltr'>dicam.</span> <span class='ocrx_word' id='word_1_215' title='bbox 1018 2897 1078 2962; x_wconf 91' lang='lat' dir='ltr'>Ille</span> <span class='ocrx_word' id='word_1_216' title='bbox 1097 2920 1171 2962; x_wconf 89' lang='lat' dir='ltr'>vero</span> 
     </span>
     <span class='ocr_line' id='line_1_30' title="bbox 135 2977 1171 3072; baseline 0.003 -30"><span class='ocrx_word' id='word_1_217' title='bbox 135 2980 322 3072; x_wconf 47' lang='lat' dir='ltr'>,portatam</span> <span class='ocrx_word' id='word_1_218' title='bbox 342 2979 466 3064; x_wconf 89' lang='lat' dir='ltr'>inquit,</span> <span class='ocrx_word' id='word_1_219' title='bbox 488 2977 587 3042; x_wconf 86' lang='lat' dir='ltr'>habet</span> <span class='ocrx_word' id='word_1_220' title='bbox 603 2981 645 3043; x_wconf 91' lang='lat' dir='ltr'>ob</span> <span class='ocrx_word' id='word_1_221' title='bbox 663 2980 788 3067; x_wconf 85' lang='lat' dir='ltr'>origine</span> <span class='ocrx_word' id='word_1_222' title='bbox 802 3002 876 3058; x_wconf 91' lang='lat' dir='ltr'>sua,</span> <span class='ocrx_word' id='word_1_223' title='bbox 905 3002 945 3042; x_wconf 87' lang='lat' dir='ltr'>ex</span> <span class='ocrx_word' id='word_1_224' title='bbox 962 3002 1050 3046; x_wconf 89' lang='lat' dir='ltr'>sono</span> <span class='ocrx_word' id='word_1_225' title='bbox 1070 2991 1106 3048; x_wconf 85' lang='lat' dir='ltr'>et&#39;</span> <span class='ocrx_word' id='word_1_226' title='bbox 1118 3005 1171 3046; x_wconf 91' lang='lat' dir='ltr'>usu</span> 
     </span>
     <span class='ocr_line' id='line_1_31' title="bbox 133 3063 1171 3150; baseline 0.001 -21"><span class='ocrx_word' id='word_1_227' title='bbox 133 3077 302 3150; x_wconf 87' lang='lat' dir='ltr'>tamquam</span> <span class='ocrx_word' id='word_1_228' title='bbox 317 3063 458 3150; x_wconf 89' lang='lat' dir='ltr'>simplex</span> <span class='ocrx_word' id='word_1_229' title='bbox 481 3063 688 3147; x_wconf 89' lang='lat' dir='ltr'>adverbium,</span> <span class='ocrx_word' id='word_1_230' title='bbox 719 3087 785 3128; x_wconf 89' lang='lat' dir='ltr'>non</span> <span class='ocrx_word' id='word_1_231' title='bbox 811 3064 981 3150; x_wconf 85' lang='lat' dir='ltr'>tamquam</span> <span class='ocrx_word' id='word_1_232' title='bbox 1004 3090 1047 3130; x_wconf 87' lang='lat' dir='ltr'>ex</span> <span class='ocrx_word' id='word_1_233' title='bbox 1071 3069 1171 3132; x_wconf 87' lang='lat' dir='ltr'>tribus</span> 
     </span>
    </p>

    <p class='ocr_par' dir='ltr' id='par_1_5' title="bbox 129 3148 1172 3747">
     <span class='ocr_line' id='line_1_32' title="bbox 159 3148 1172 3231; baseline 0.003 -16"><span class='ocrx_word' id='word_1_234' title='bbox 159 3151 298 3231; x_wconf 87' lang='lat' dir='ltr'>artibus,</span> <span class='ocrx_word' id='word_1_235' title='bbox 321 3152 472 3224; x_wconf 89' lang='lat' dir='ltr'>nomine,</span> <span class='ocrx_word' id='word_1_236' title='bbox 493 3148 664 3229; x_wconf 85' lang='lat' dir='ltr'>adverbio,</span> <span class='ocrx_word' id='word_1_237' title='bbox 694 3150 795 3214; x_wconf 89' lang='lat' dir='ltr'>verbo</span> <span class='ocrx_word' id='word_1_238' title='bbox 818 3160 1024 3214; x_wconf 89' lang='lat' dir='ltr'>constantem</span> <span class='ocrx_word' id='word_1_239' title='bbox 1043 3151 1172 3217; x_wconf 80' lang='lat' dir='ltr'>formu·</span> 
     </span>
     <span class='ocr_line' id='line_1_33' title="bbox 132 3176 1172 3326; baseline -0.001 -24"><span class='ocrx_word' id='word_1_240' title='bbox 132 3176 216 3302; x_wconf 78' lang='lat' dir='ltr'>liam:</span> <span class='ocrx_word' id='word_1_241' title='bbox 249 3258 319 3299; x_wconf 91' lang='lat' dir='ltr'>eam</span> <span class='ocrx_word' id='word_1_242' title='bbox 344 3235 608 3312; x_wconf 78' lang='lat' dir='ltr'>considerarunt,</span> <span class='ocrx_word' id='word_1_243' title='bbox 638 3239 731 3321; x_wconf 91' lang='lat' dir='ltr'>quasi</span> <span class='ocrx_word' id='word_1_244' title='bbox 748 3246 875 3300; x_wconf 89' lang='lat' dir='ltr'>tantum</span> <span class='ocrx_word' id='word_1_245' title='bbox 901 3246 985 3297; x_wconf 88' lang='lat' dir='ltr'>esset</span> <span class='ocrx_word' id='word_1_246' title='bbox 999 3237 1118 3326; x_wconf 78' lang='lat' dir='ltr'>forte,</span> <span class='ocrx_word' id='word_1_247' title='bbox 1144 3249 1172 3303; x_wconf 89' lang='lat' dir='ltr'>ct</span> 
     </span>
     <span class='ocr_line' id='line_1_34' title="bbox 131 3317 1169 3406; baseline 0.001 -19"><span class='ocrx_word' id='word_1_248' title='bbox 131 3324 176 3387; x_wconf 92' lang='lat' dir='ltr'>ita</span> <span class='ocrx_word' id='word_1_249' title='bbox 193 3321 358 3384; x_wconf 79' lang='lat' dir='ltr'>finxerunt</span> <span class='ocrx_word' id='word_1_250' title='bbox 366 3317 586 3406; x_wconf 77' lang='lat' dir='ltr'>fortassean,</span> <span class='ocrx_word' id='word_1_251' title='bbox 614 3326 650 3384; x_wconf 88' lang='lat' dir='ltr'>ut</span> <span class='ocrx_word' id='word_1_252' title='bbox 658 3320 803 3406; x_wconf 82' lang='lat' dir='ltr'>fortean</span> <span class='ocrx_word' id='word_1_253' title='bbox 823 3321 872 3384; x_wconf 85' lang='lat' dir='ltr'>vel</span> <span class='ocrx_word' id='word_1_254' title='bbox 881 3317 1032 3404; x_wconf 72' lang='lat' dir='ltr'>forsan.-</span> <span class='ocrx_word' id='word_1_255' title='bbox 1056 3325 1169 3388; x_wconf 91' lang='lat' dir='ltr'>eodem</span> 
     </span>
     <span class='ocr_line' id='line_1_35' title="bbox 131 3405 1171 3490; baseline 0.002 -19"><span class='ocrx_word' id='word_1_256' title='bbox 131 3406 233 3471; x_wconf 88' lang='lat' dir='ltr'>modo</span> <span class='ocrx_word' id='word_1_257' title='bbox 250 3415 426 3467; x_wconf 85' lang='lat' dir='ltr'>tractarunt</span> <span class='ocrx_word' id='word_1_258' title='bbox 446 3405 574 3467; x_wconf 80' lang='lat' dir='ltr'>scilicet</span> <span class='ocrx_word' id='word_1_259' title='bbox 597 3429 632 3468; x_wconf 88' lang='lat' dir='ltr'>ac</span> <span class='ocrx_word' id='word_1_260' title='bbox 655 3406 827 3484; x_wconf 79' lang='lat' dir='ltr'>uidelicet,</span> <span class='ocrx_word' id='word_1_261' title='bbox 849 3405 906 3490; x_wconf 89' lang='lat' dir='ltr'>qui</span> <span class='ocrx_word' id='word_1_262' title='bbox 927 3405 1113 3472; x_wconf 86' lang='lat' dir='ltr'>infinitivos</span> <span class='ocrx_word' id='word_1_263' title='bbox 1135 3411 1171 3472; x_wconf 78' lang='lat' dir='ltr'>iis</span> 
     </span>
     <span class='ocr_line' id='line_1_36' title="bbox 132 3489 1170 3578; baseline 0.002 -23"><span class='ocrx_word' id='word_1_264' title='bbox 132 3493 305 3575; x_wconf 84' lang='lat' dir='ltr'>adiungere</span> <span class='ocrx_word' id='word_1_265' title='bbox 321 3490 522 3553; x_wconf 85' lang='lat' dir='ltr'>desierunt.“</span> <span class='ocrx_word' id='word_1_266' title='bbox 564 3491 622 3557; x_wconf 89' lang='lat' dir='ltr'>His</span> <span class='ocrx_word' id='word_1_267' title='bbox 639 3491 729 3576; x_wconf 89' lang='lat' dir='ltr'>quod</span> <span class='ocrx_word' id='word_1_268' title='bbox 749 3492 856 3554; x_wconf 89' lang='lat' dir='ltr'>obstat</span> <span class='ocrx_word' id='word_1_269' title='bbox 862 3489 1087 3578; x_wconf 77' lang='lat' dir='ltr'>fortassean,</span> <span class='ocrx_word' id='word_1_270' title='bbox 1105 3517 1170 3558; x_wconf 91' lang='lat' dir='ltr'>non</span> 
     </span>
     <span class='ocr_line' id='line_1_37' title="bbox 129 3574 1172 3668; baseline 0.005 -28"><span class='ocrx_word' id='word_1_271' title='bbox 129 3577 252 3664; x_wconf 66' lang='lat' dir='ltr'>poterit</span> <span class='ocrx_word' id='word_1_272' title='bbox 280 3574 457 3638; x_wconf 89' lang='lat' dir='ltr'>commode</span> <span class='ocrx_word' id='word_1_273' title='bbox 485 3575 594 3656; x_wconf 89' lang='lat' dir='ltr'>reiici,</span> <span class='ocrx_word' id='word_1_274' title='bbox 621 3598 680 3640; x_wconf 89' lang='lat' dir='ltr'>nee</span> <span class='ocrx_word' id='word_1_275' title='bbox 707 3576 770 3639; x_wconf 86' lang='lat' dir='ltr'>isto</span> <span class='ocrx_word' id='word_1_276' title='bbox 801 3576 1079 3644; x_wconf 83' lang='lat' dir='ltr'>modoexcusari</span> <span class='ocrx_word' id='word_1_277' title='bbox 1102 3580 1172 3668; x_wconf 79' lang='lat' dir='ltr'>ipsa</span> 
     </span>
     <span class='ocr_line' id='line_1_38' title="bbox 129 3660 445 3747; baseline -0.013 -21"><span class='ocrx_word' id='word_1_278' title='bbox 129 3660 218 3726; x_wconf 87' lang='lat' dir='ltr'>verbi</span> <span class='ocrx_word' id='word_1_279' title='bbox 240 3660 445 3747; x_wconf 79' lang='lat' dir='ltr'>compositio,</span> 
     </span>
    </p>

    <p class='ocr_par' dir='ltr' id='par_1_6' title="bbox 213 3740 1173 3831">
     <span class='ocr_line' id='line_1_39' title="bbox 213 3740 1173 3831; baseline 0.006 -23"><span class='ocrx_word' id='word_1_280' title='bbox 213 3744 288 3824; x_wconf 92' lang='lat' dir='ltr'>Quo</span> <span class='ocrx_word' id='word_1_281' title='bbox 321 3744 418 3809; x_wconf 88' lang='lat' dir='ltr'>verba</span> <span class='ocrx_word' id='word_1_282' title='bbox 445 3740 537 3830; x_wconf 72' lang='lat' dir='ltr'>forte</span> <span class='ocrx_word' id='word_1_283' title='bbox 567 3752 598 3807; x_wconf 90' lang='lat' dir='ltr'>et</span> <span class='ocrx_word' id='word_1_284' title='bbox 620 3740 772 3831; x_wconf 85' lang='lat' dir='ltr'>sortasse</span> <span class='ocrx_word' id='word_1_285' title='bbox 790 3744 974 3826; x_wconf 84' lang='lat' dir='ltr'>differunt,</span> <span class='ocrx_word' id='word_1_286' title='bbox 1010 3744 1049 3810; x_wconf 92' lang='lat' dir='ltr'>id</span> <span class='ocrx_word' id='word_1_287' title='bbox 1076 3748 1173 3814; x_wconf 86' lang='lat' dir='ltr'>facile</span> 
     </span>
    </p>

    <p class='ocr_par' dir='ltr' id='par_1_7' title="bbox 125 3825 1172 4179">
     <span class='ocr_line' id='line_1_40' title="bbox 153 3825 1171 3917; baseline 0.006 -24"><span class='ocrx_word' id='word_1_288' title='bbox 153 3831 342 3916; x_wconf 87' lang='lat' dir='ltr'>erspicitur,</span> <span class='ocrx_word' id='word_1_289' title='bbox 380 3839 412 3894; x_wconf 91' lang='lat' dir='ltr'>et</span> <span class='ocrx_word' id='word_1_290' title='bbox 437 3850 498 3891; x_wconf 92' lang='lat' dir='ltr'>nos</span> <span class='ocrx_word' id='word_1_291' title='bbox 527 3826 567 3890; x_wconf 91' lang='lat' dir='ltr'>de</span> <span class='ocrx_word' id='word_1_292' title='bbox 596 3826 656 3889; x_wconf 88' lang='lat' dir='ltr'>hac</span> <span class='ocrx_word' id='word_1_293' title='bbox 680 3851 716 3892; x_wconf 88' lang='lat' dir='ltr'>re</span> <span class='ocrx_word' id='word_1_294' title='bbox 740 3825 825 3894; x_wconf 83' lang='lat' dir='ltr'>infra</span> <span class='ocrx_word' id='word_1_295' title='bbox 849 3831 1018 3917; x_wconf 89' lang='lat' dir='ltr'>loquuturi</span> <span class='ocrx_word' id='word_1_296' title='bbox 1045 3855 1171 3900; x_wconf 85' lang='lat' dir='ltr'>sumas.</span> 
     </span>
     <span class='ocr_line' id='line_1_41' title="bbox 127 3849 1172 4006; baseline 0.006 -28"><span class='ocrx_word' id='word_1_297' title='bbox 127 3849 283 3979; x_wconf 58' lang='lat' dir='ltr'>Subtilius</span> <span class='ocrx_word' id='word_1_298' title='bbox 301 3926 408 3981; x_wconf 89' lang='lat' dir='ltr'>autern</span> <span class='ocrx_word' id='word_1_299' title='bbox 430 3912 557 3976; x_wconf 87' lang='lat' dir='ltr'>videtur</span> <span class='ocrx_word' id='word_1_300' title='bbox 579 3933 648 3977; x_wconf 90' lang='lat' dir='ltr'>esse</span> <span class='ocrx_word' id='word_1_301' title='bbox 666 3913 858 3996; x_wconf 85' lang='lat' dir='ltr'>discrimen,</span> <span class='ocrx_word' id='word_1_302' title='bbox 882 3936 948 4001; x_wconf 90' lang='lat' dir='ltr'>quo</span> <span class='ocrx_word' id='word_1_303' title='bbox 972 3917 1172 4006; x_wconf 51' lang='lat' dir='ltr'>vermar-</span> 
     </span>
     <span class='ocr_line' id='line_1_42' title="bbox 125 3996 1171 4099; baseline 0.009 -38"><span class='ocrx_word' id='word_1_304' title='bbox 125 4020 191 4063; x_wconf 87' lang='lat' dir='ltr'>san</span> <span class='ocrx_word' id='word_1_305' title='bbox 213 4011 245 4064; x_wconf 91' lang='lat' dir='ltr'>et</span> <span class='ocrx_word' id='word_1_306' title='bbox 261 3998 420 4099; x_wconf 76' lang='lat' dir='ltr'>forsitan</span> <span class='ocrx_word' id='word_1_307' title='bbox 444 3996 680 4081; x_wconf 88' lang='lat' dir='ltr'>distinguamus</span> <span class='ocrx_word' id='word_1_308' title='bbox 699 4023 716 4062; x_wconf 92' lang='lat' dir='ltr'>a</span> <span class='ocrx_word' id='word_1_309' title='bbox 734 3996 896 4085; x_wconf 71' lang='lat' dir='ltr'>fortasse.</span> <span class='ocrx_word' id='word_1_310' title='bbox 947 4000 1053 4067; x_wconf 86' lang='lat' dir='ltr'>Sicuti</span> <span class='ocrx_word' id='word_1_311' title='bbox 1082 4007 1171 4070; x_wconf 89' lang='lat' dir='ltr'>enim</span> 
     </span>
     <span class='ocr_line' id='line_1_43' title="bbox 125 4070 1172 4179; baseline 0.008 -30"><span class='ocrx_word' id='word_1_312' title='bbox 125 4081 181 4151; x_wconf 92' lang='lat' dir='ltr'>illa</span> <span class='ocrx_word' id='word_1_313' title='bbox 196 4085 231 4150; x_wconf 91' lang='lat' dir='ltr'>in</span> <span class='ocrx_word' id='word_1_314' title='bbox 246 4084 284 4151; x_wconf 83' lang='lat' dir='ltr'>irs</span> <span class='ocrx_word' id='word_1_315' title='bbox 298 4082 471 4152; x_wconf 81' lang='lat' dir='ltr'>sententiis</span> <span class='ocrx_word' id='word_1_316' title='bbox 480 4081 753 4166; x_wconf 75' lang='lat' dir='ltr'>locunt&#39;h&#39;abent&#39;,</span> <span class='ocrx_word' id='word_1_317' title='bbox 781 4070 898 4170; x_wconf 84' lang='lat' dir='ltr'>quibus</span> <span class='ocrx_word' id='word_1_318' title='bbox 921 4106 1021 4176; x_wconf 87' lang='lat' dir='ltr'>posse</span> <span class='ocrx_word' id='word_1_319' title='bbox 1044 4089 1172 4179; x_wconf 88' lang='lat' dir='ltr'>aliquid</span> 
     </span>
    </p>
   </div>
   <div class='ocr_carea' id='block_1_5' title="bbox 0 0 1314 4770">
    <p class='ocr_par' dir='ltr' id='par_1_8' title="bbox 0 0 1314 4770">
     <span class='ocr_line' id='line_1_44' title="bbox 0 0 1314 4770; baseline 0 5"><span class='ocrx_word' id='word_1_320' title='bbox 0 0 1314 4770; x_wconf 95' lang='lat' dir='ltr'> </span> 
     </span>
    </p>
   </div>
  </div>
 </body>
</html>
