2618 4770
748 40 881 211 a...

549 255 622 321 EX·
1047 241 1140 334 ass
1219 291 1222 295 ·

151 413 204 472 33.
226 409 269 474 Et
284 430 338 490 ea,
363 431 444 498 quae
461 425 533 474 rem
548 409 600 474 vel
616 419 743 495 partem
771 415 962 495 nominant,
988 419 1023 482 in
1046 443 1110 506 qua

67 492 119 556 vel
139 493 345 570 laboramus,
377 497 424 560 vel
449 497 483 558 in
507 516 570 580 qua
593 497 708 560 vitium
732 508 764 562 et
788 504 971 588 corruptela
992 518 1109 572 exstat.

68 580 145 660 Quo
170 582 274 644 modo
302 583 398 645 etiam
423 579 466 645 ab
492 593 681 671 usurpatur.

171 702 306 753 Labarare
320 719 333 753 e
348 703 468 766 renibus,
487 720 517 754 er
526 672 654 773 podiens,
672 720 703 753 cr
714 703 800 771 eapite
817 703 874 756 cte.
892 705 974 772 Tuae.
982 709 1008 774 2,
1016 696 1059 777 25,
1067 712 1110 774 ne.

135 786 168 838 ad
178 787 254 838 Fam.
264 787 289 851 9,
305 785 347 851 23,
363 787 388 838 1.
405 786 431 848 1,
446 783 527 847 26,1.
548 796 625 853 qnaev
634 785 764 838 differunt
778 788 812 838 ab
827 788 888 839 atita
903 807 1024 845 caussam
1040 796 1112 849 indl-

133 872 271 922 cantibus:
295 871 351 923 cto.
368 890 393 938 p.
410 871 516 923 cluent.
532 871 574 936 11,
591 871 651 922 262.
679 873 745 922 salis
759 873 852 923 maltos
868 890 950 925 annas
964 893 994 928 er
1009 879 1112 935 invidia

81 1020 85 1028 .
135 957 276 1008 laboravit.
303 955 336 1006 de
352 956 409 1006 Inv.
425 955 450 1019 2,
465 955 490 1019 2,
506 955 531 1007 5.
555 956 693 1022 aliquanto
709 955 790 1005 lenias
808 956 990 1012 euinsclentia
1005 963 1111 1016 labara-

134 1048 201 1093 rent.
236 1040 271 1092 ad
291 1041 368 1093 Fam.
392 1039 496 1106 16,11,
520 1040 545 1092 2.
574 1058 627 1093 nan
647 1039 758 1107 maara,
781 1051 907 1107 quaestam
929 1058 960 1095 ee
983 1047 1112 1100 desideria

133 1127 244 1177 labores.

164 1227 228 1278 Bne
250 1218 374 1278 referunt
394 1227 535 1280 Ernestlus
556 1233 584 1280 el
605 1226 746 1295 Zumptius
770 1225 828 1278 cto.
851 1227 929 1280 Vere.
950 1229 977 1293 2,
991 1229 1033 1294 42,
1049 1231 1109 1287 165.

126 1313 179 1380 ‘qni
204 1314 344 1378 defendere
368 1332 420 1364 non
443 1313 572 1382 potnerit,
603 1330 630 1364 se
651 1330 704 1364 non
726 1312 859 1384 exipsius
879 1315 984 1367 Sthenii
1005 1319 1111 1372 nansine

134 1397 236 1449 litteras
250 1398 370 1464 publicas
383 1401 535 1467 corrupisse.

148 1498 201 1561 34.
233 1499 333 1578 Quod
357 1522 431 1562 cum
458 1501 564 1583 aliqua
588 1520 623 1560 re
652 1498 869 1560 commixtum
896 1498 1038 1563 sumitur
1059 1504 1110 1566 vel

66 1579 163 1646 delur
178 1606 242 1646 una
259 1606 333 1647 cum
351 1585 411 1648 hac
428 1608 484 1666 re,
507 1586 631 1646 dicunt*
650 1585 756 1646 Latini
796 1585 997 1647 Graecorum
1014 1609 1111 1651 more

67 1690 164 1750 enea
181 1669 315 1733 rederi
333 1671 379 1733 vel
398 1672 497 1734 sumi.
547 1668 582 1731 Id
601 1670 773 1754 proprium
794 1679 863 1731 erat
878 1669 1031 1748 medicis,
1053 1676 1110 1758 qui

67 1754 261 1819 dicebantur
284 1769 425 1841 aegroto
449 1755 582 1841 aliquid
608 1754 693 1818 dare
721 1779 761 1818 ex
784 1767 898 1831 acela,
934 1779 973 1818 ex
999 1759 1109 1834 melle,

28 1895 32 1900 ,
69 1862 109 1901 ex
131 1856 233 1925 aqrra.
281 1843 351 1905 Vid.
372 1845 492 1905 Victor.
512 1842 585 1903 Var.
601 1842 690 1902 Leel.
709 1846 761 1921 32,
777 1844 807 1903 4.
841 1841 978 1903 Salmas
1002 1842 1110 1906 Exer-

70 1925 124 1987 cit.
142 1927 223 1988 Ptin.
243 1927 318 1990 505.
348 1920 470 1991 Rhodii
494 1927 572 1989 Lex.
592 1926 743 1988 Scribon.
771 1949 805 2011 p.
825 1931 898 1990 380.
939 1929 1045 2012 Atque
1065 1931 1110 1995 ita

69 2010 108 2074 de'
125 2012 304 2096 coquendis
318 2014 413 2095 rebus
427 2013 622 2097 compositis
640 2011 869 2096 usurpabatur.
899 2012 984 2076 Alias
1000 2014 1086 2106 erres.
1110 2016 1113 2021 ’

169 2133 283 2184 Homer.
308 2132 359 2184 od.
382 2132 423 2196 19,
445 2130 504 2183 536.
534 2128 615 2196 χῆνές
635 2124 685 2195 μοι
707 2125 779 2183 nacci
800 2127 878 2184 οἶκον
897 2129 1110 2203 istuoesnvalv

134 2213 246 2269 leonem
271 2211 300 2279 ἐξ
321 2209 435 2275 ὕδατος.
471 2216 506 2266 cf.
535 2213 671 2264 Veclmeri
687 2215 825 2267 Hellennl.
847 2235 872 2282 p.
888 2215 947 2268 434.
968 2220 1110 2286 1111111111

132 2304 176 2355 Re
184 2320 206 2352 r.
216 2301 241 2364 3,
251 2301 292 2364 le,
300 2299 324 2352 6.
347 2298 555 2368 pullis'primam
570 2299 648 2348 biduo
656 2299 764 2364 polenta
778 2307 825 2355 ast
840 2301 945 2351 ordeum
955 2288 1109 2375 apponam,

134 2388 220 2438 tribas
241 2384 368 2452 proximis
388 2383 550 2434 castrutium
569 2382 653 2433 viride
670 2391 813 2460 consectum
826 2385 977 2443 minrttalim
993 2404 1024 2438 ea
1036 2405 1111 2457 aque

135 2470 165 2519 ia
179 2486 227 2520 aas
242 2468 356 2536 aliquod.
391 2467 463 2518 Ptin.
478 2467 549 2518 trist.
564 2484 590 2518 n.
604 2464 647 2530 29,
659 2464 684 2531 6,
693 2465 734 2518 36.
747 2469 838 2532 fracto
852 2462 935 2539 tepea·
949 2472 1043 2523 aranei
1056 2474 1110 2525 tela

136 2571 166 2606 ea
182 2555 362 2604 oleoetaceto
378 2553 509 2620 imposita.
799 2540 801 2545 ,
832 2535 839 2548 ’

171 2657 261 2707 Ptaat.
282 2657 369 2708 Mera.
389 2657 415 2721 1,
436 2656 461 2719 2,
478 2654 519 2708 28.
545 2655 659 2707 resinam
684 2672 715 2707 cr
736 2656 811 2706 melle
832 2654 992 2723 aegyptiam*
1009 2665 1109 2712 aerulo.

136 2741 248 2793 Terent.
263 2741 332 2792 Eun.
354 2738 379 2804 5,
396 2740 421 2804 4,
437 2740 478 2792 lt.
502 2759 550 2809 quc
567 2749 645 2807 paeto
661 2759 691 2792 ea
704 2742 761 2790 inre
777 2741 896 2791 hesterno
909 2760 1005 2808 panem
1020 2751 1110 2794 atrum

134 2833 245 2887 vorent„
270 2825 341 2877 Ptin.
357 2825 400 2890 26,
416 2824 441 2889 6,
455 2824 496 2877 26.
518 2826 591 2891 folia
609 2826 743 2893 thyrsique
760 2826 819 2879 triti
836 2843 866 2877 ea
888 2833 960 2877 areta
976 2828 1108 2879 bibuntur.

133 2910 176 2974 26,
191 2911 233 2974 22,
249 2910 292 2962 etl.

170 3013 241 3064 Ptin.
256 3014 293 3065 H.
309 3017 364 3064 net.
380 3010 424 3076 22,
439 3002 482 3075 25,
496 3010 539 3064 57.
563 3012 661 3074 ¹farine
683 3013 766 3063 trilici
781 3029 812 3063 er
829 3020 900 3064 acela
915 3020 995 3064 cocta.
1028 3014 1110 3065 Cala·-

134 3100 209 3149 mell.
228 3098 270 3161 12,
287 3097 362 3162 48,1.
383 3115 413 3148 er
427 3103 500 3147 acela
513 3097 611 3148 modice
625 3097 653 3146 in
669 3098 764 3147 cacabo
780 3115 861 3159 aeneo
876 3098 984 3164 coquito.
1003 3097 1073 3149 Cela.
1084 3097 1109 3163 3,

134 3183 178 3234 19.
196 3201 222 3249 p.
241 3183 300 3235 151.
319 3184 414 3233 intrita
429 3198 459 3231 er
474 3181 528 3231 lroc.
550 3181 574 3243 1,
591 3180 616 3232 6.
633 3199 682 3232 aaa
697 3199 727 3232 er
743 3183 797 3232 oleo
813 3183 887 3233 tritu.
906 3180 931 3245 2,
946 3180 988 3232 28.
1007 3198 1037 3248 Ι».
1048 3182 1108 3236 332.

134 3270 225 3319 eadem
246 3284 277 3338 ea
299 3268 359 3318 ciac
380 3265 508 3333 liquanda
523 3274 591 3316 siant.
627 3260 792 3318 Scribou.‘4.
814 3267 879 3318 haee
894 3273 977 3319 leram
993 3284 1023 3319 es
1037 3277 1110 3320 cesla

133 3361 158 3405 et
172 3369 234 3404 rasa
247 3352 344 3402 rioilus
363 3352 466 3403 adiecta
485 3357 594 3418 opertet.
990 3349 994 3359 ‘

173 3455 244 3505 Cels.
260 3452 286 3517 1,
301 3452 326 3503 3.
350 3454 411 3505 vina
432 3470 463 3504 er
483 3471 553 3520 aqua
574 3453 709 3520 pluviatili
728 3453 816 3506 misle.
850 3452 947 3506 Aliter
964 3472 1043 3524 aqua.
1066 3457 1108 3509 Cf.

136 3538 297 3606 Milliganus
313 3537 348 3589 ad
365 3539 435 3590 Cels.
451 3537 477 3603 5,
492 3538 534 3602 28,
550 3539 591 3589 ll.
610 3554 636 3604 p.
650 3537 711 3589 264.

155 3642 207 3705 35.
234 3640 369 3704 Colores
393 3649 425 3702 ct
448 3662 580 3726 sapores
600 3641 679 3705 varii
701 3652 733 3705 et
747 3642 941 3727 compositi,
967 3659 1110 3728 quorum
1185 3692 1189 3696 .

72 3725 154 3876 ulller
186 3727 221 3789 in
252 3727 392 3790 alterum
416 3729 541 3823 'transit
570 3739 603 3791 et
632 3725 756 3810 mittat,
797 3731 949 3793 dicuntur
972 3751 1041 3792 esse
1067 3748 1109 3790 ex

68 3834 192 3898 arque.

174 3932 246 3984 Ptin.
264 3932 337 3985 nist.
358 3951 384 3986 n.
401 3931 443 3996 15,
458 3931 501 3995 36,
519 3931 560 3984 39.
586 3931 627 3984 hic
642 3935 735 3999 freter
757 3941 795 3986 est
817 3948 951 3995 ramosas,
983 3932 1110 3996 crassiore

139 4036 170 4068 ac
188 4017 305 4068 molliore
327 4037 405 4087 qaam
425 4021 517 4069 lastras
532 4018 618 4083 folio,
633 4047 668 4058 -·-
683 4013 768 4070 laesis
784 4038 797 4072 e
811 4019 892 4087 nigra
914 4018 988 4082 rests.
1004 4017 1046 4078 21,
1063 4016 1112 4080 21,

137 4099 180 4155 96.
212 4103 396 4156 hemerocalles
422 4103 556 4176 pallidum
581 4104 702 4160 1ὐίνίἀί
728 4110 759 4160 “el
790 4105 884 4156 malle'
895 4101 994 4168 foliani
1022 4102 1109 4154 hebd.
