2618 4770
206 221 250 291 82
619 216 850 291 causatu.-

206 395 350 466 ramqae
371 374 668 527 grammaticorum
693 374 935 461 recentiorum,
965 376 1084 466 quibua
1111 378 1255 447 vocabu.

207 466 280 532 lum
297 464 371 530 vide
395 474 469 528 atur
483 484 526 527 ex
540 460 665 552 graecis
680 462 731 527 sai
746 462 845 545 ἕτερος
860 486 935 529 com
963 466 1086 531 ositum
1102 486 1185 531 esse.
1211 466 1262 533 Ita
1291 492 1303 539 -ε

207 551 309 617 etiam
330 551 545 615 Heumannus
561 548 598 614 in
614 547 703 613 uotis
723 546 766 613 ad
786 547 918 615 Ceilorii
939 487 1083 633 librum,
1104 562 1137 636 et
1160 552 1260 617 Bsis-
1300 560 1303 577 ²

208 657 266 705 rus
284 632 320 701 in
338 634 517 701 Miscellan.
535 633 607 698 crit.
628 632 706 698 vol.
732 638 762 698 1.
787 656 824 721 p.
840 639 913 701 188.
956 636 1044 702 11111
1069 656 1149 703 uero
1169 638 1261 705 verbi

209 720 370 790 formatio
394 729 427 785 et
447 719 530 785 lalsa
553 729 621 801 est,
645 728 678 784 et
710 739 809 785 sensu
844 720 1021 798 destituta,
1054 740 1260 821 quamquam

208 830 280 891 nou
294 806 428 883 desunt,
454 807 512 894 qui
528 828 601 871 eam
615 802 750 870 doctam
773 806 953 893 appellent.
997 807 1129 873 Scilicet
1151 832 1172 874 a
1192 808 1259 876 do·

209 894 314 959 ctrina
337 892 631 980 grammaticorum
650 886 891 979 proficiscitur,
913 892 971 957 sed
995 893 1087 960 insui
1105 915 1141 959 ac
1158 892 1259 963 futili.

209 982 298 1048 Nam
314 981 365 1044 sol
378 979 477 1065 ἕτερος
500 999 568 1043 nou
582 974 620 1041 fit
637 978 789 1062 salmace,
809 977 877 1044 sive
897 974 1034 1062 κήτερος,
1055 979 1111 1046 sed
1136 976 1260 1067 χᾶτερος
1301 1046 1303 1051 ,

210 1066 280 1133 sive
302 1065 432 1151 κάπρος.
486 1062 530 1133 Et
560 1060 653 1151 quod
679 1061 814 1128 Beierus
844 1086 882 1129 ar
904 1074 1078 1130 amentum
1106 1062 1208 1149 illud,
1238 1090 1259 1133 a

210 1150 353 1221 cenario
372 1150 508 1235 aliisquo
523 1148 704 1239 prolatum,
724 1169 791 1247 quo
809 1085 1104 1239 dupliciscopulas
1122 1148 1208 1217 ratio
1223 1153 1259 1219 iu

210 1236 318 1306 verbis
350 1247 384 1303 ct
412 1246 526 1301 cetera
556 1234 678 1299 absona
701 1235 866 1315 reficitur,
903 1234 968 1301 alio
999 1236 1156 1327 exemplo
1183 1258 1291 1306 ver-.

209 1322 335 1390 borum
361 1332 395 1388 ct
419 1320 585 1408 pleraque
613 1317 792 1408 infringere
820 1321 942 1403 voluit,
963 1320 998 1386 id
1019 1343 1090 1389 non
1113 1322 1155 1389 od
1183 1344 1259 1391 11111

210 1411 344 1475 attinets
365 1430 444 1489 nam
459 1406 541 1470 haec
565 1405 776 1503 syllamque
795 1427 857 1471 nec
878 1405 977 1472 habet
1001 1408 1069 1475 vim
1092 1408 1259 1499 copulati-

209 1517 311 1579 vam,
325 1514 387 1558 nec
401 1501 514 1578 potest
528 1513 716 1579 comparum
732 1512 809 1555 cum
832 1514 869 1558 11
892 1493 959 1558 1111
981 1515 1059 1577 cae,
1082 1494 1137 1561 cui
1153 1516 1254 1561 nemo

209 1580 333 1645 tribuet
352 1581 379 1643 si
404 1574 623 1643 sificationem
642 1578 751 1665 graeci
772 1577 830 1642 sal.
873 1575 973 1644 Gonf.
989 1594 1128 1659 austu
1148 1602 1185 1669 p.
1201 1584 1263 1651 tt..

209 1663 287 1731 vot.
314 1668 343 1727 1.
403 1683 603 1744 eumannus,
636 1663 692 1751 qui
710 1685 772 1752 per
795 1687 814 1729 c
839 1662 995 1752 spiritum
1022 1685 1173 1754 asperum
1198 1686 1261 1731 ex·

208 1749 313 1862 ,trimi
329 1746 482 1835 putabat,
503 1747 703 1836 productam
718 1748 880 1835 syllabam
905 1751 1065 1840 exemplis
1084 1750 1261 1837 similibus,

204 1860 308 1917 ,ονομα
323 1844 510 1911 etnomea,
533 1856 608 1899 com
636 1835 753 1899 robore
777 1845 912 1900 conatus
929 1848 989 1901 est.
1030 1836 1196 1923 Equidem
1222 1840 1259 1907 in

209 1944 248 1987 11
266 1920 360 1987 video
372 1919 463 1995 illam
479 1856 676 2007 particulam
693 1920 995 2002 demonstrativam,
1016 1919 1057 1987 de
1073 1944 1137 2010 qua
1157 1944 1193 2012 p.
1205 1930 1257 1990 10.

211 2006 300 2073 dixi:
350 2026 409 2071 uae
430 2005 503 2092 ipsa
526 2005 633 2072 brevis
651 2006 876 2073 contractione
891 2006 1104 2095 producitur,
1129 2018 1161 2075 et
1177 2032 1258 2075 seu-

211 2114 286 2159 sum
308 2029 403 2155 alfort
426 2090 572 2179 reliquas
597 2090 747 2156 vocabuli
769 2092 856 2179 parti
884 2095 961 2158 satis
991 2102 1119 2179 aptum.
1169 2095 1259 2163 Nam

212 2200 297 2279 quae
315 2177 352 2241 iu
372 2176 484 2260 laicae,
507 2179 838 2265 ecccpostponitur,
862 2176 917 2242 hic
940 2175 1142 2268 praefigitur.
1186 2184 1258 2247 An·

211 2272 303 2365 tique
342 2273 452 2341 autem
485 2274 701 2327 monumenta
737 2266 937 2329 conveniunt
971 2260 1041 2329 1111
1076 2258 1194 2337 dmnia
1223 2270 1258 2334 in

212 2347 501 2436 srmpliciuocali:
524 2349 558 2412 id
584 2348 672 2434 quod
695 2370 758 2437 per
793 2349 906 2414 omnia
934 2361 1084 2437 tempora
1115 2349 1259 2418 demon-

211 2445 398 2500 straverunt
411 2432 573 2499 ¹Cellarius
596 2444 628 2499 et
650 2433 812 2501 Norisius.
856 2434 956 2515 Quod
976 2456 1054 2500 vero
1078 2434 1198 2524 legitur
1220 2438 1258 2505 iu

211 2523 310 2586 inseri
336 2520 426 2584 tione
450 2542 467 2583 a
495 2519 538 2582 ud
566 2520 743 2584 Gruterum
765 2524 952 2609 p5801.,n.
978 2524 1028 2585 11.
1049 2520 1258 2609 caeterisque
1284 2526 1287 2531 ’

210 2607 283 2670 suia
290 2542 398 2693 sicit,
424 2541 539 2668 duliae
553 2604 681 2670 videtur
700 2606 900 2671 auctoritatis
917 2628 999 2689 esse,
1025 2616 1058 2671 et
1076 2607 1104 2671 11
1118 2607 1179 2673 alia
1195 2629 1258 2673 ox-

211 2701 301 2756 stant
314 2700 403 2754 certa
418 2690 586 2777 exempla,
608 2701 683 2755 sunt
707 2713 754 2761 ea,
767 2689 854 2756 facta
869 2691 1132 2775 consuetudine,
1153 2714 1218 2780 qua
1239 2716 1259 2761 1

212 2786 247 2843 et
264 2799 306 2842 ae
323 2775 435 2841 multis
454 2777 489 2841 in
507 2774 611 2843 verbis
627 2775 786 2844 confundi
809 2776 971 2844 solebant.
1015 2778 1090 2844 vid.
1114 2778 1257 2849 Schnei-

211 2860 285 2929 deri
299 2863 412 2930 Gram.
428 2867 458 2928 1.
479 2885 515 2952 p.
529 2862 581 2929 55.

295 3037 345 3100 De
361 3034 549 3102 discrimine
565 3034 742 3103 verborum
758 3031 863 3100 ceteri
888 3046 920 3100 et
938 3032 1061 3123 reliqui
1078 3033 1258 3134 disputavit

211 3119 343 3186 Beierus
357 3123 391 3184 in
408 3121 587 3187 Miscellan.
611 3122 806 3188 aSeebodio
823 3120 917 3186 editis
940 3122 963 3185 l.
978 3123 1000 3187 l.
1021 3120 1110 3185 hunc
1128 3144 1162 3185 111
1179 3144 1255 3187 mo-

210 3205 307 3270 dam:
327 3218 440 3271 cetera
455 3207 519 3272 diei
533 3226 588 3291 ea,
607 3228 690 3296 quae
708 3206 748 3273 ad
763 3226 867 3271 unum
882 3228 983 3296 genus
1000 3226 1075 3271 cum
1091 3230 1142 3282 eo,
1166 3204 1258 3293 quod
1277 3226 1281 3235 ·

212 3290 338 3355 dictum
353 3303 418 3373 est,
438 3293 541 3360 relata
556 3317 598 3359 ex
613 3294 747 3382 singulis
761 3293 908 3393 partibus
920 3314 978 3357 seu
994 3291 1155 3357 membris
1171 3314 1259 3358 oon·

211 3385 316 3441 stent:
340 3378 398 3443 ubi
413 3389 523 3443 autem
539 3379 619 3444 aliae
633 3402 686 3444 res
704 3380 745 3444 ad
760 3380 843 3444 rllud
864 3399 968 3443 unum
984 3377 1186 3464 explendum
1200 3399 1272 3455 11-,,

210 3460 382 3539 ferantur,
404 3484 476 3528 non
494 3461 529 3528 111
544 3475 653 3552 partes
670 3464 909 3546 discernendae,
934 3464 1086 3550 usurpari
1105 3464 1259 3552 reliqua.-

211 3545 354 3634 idsoque
370 3570 452 3634 quae
466 3562 580 3615 cetera
595 3551 766 3627 dicuutur,
790 3554 887 3617 etism
906 3549 971 3613 dici
990 3571 1089 3636 posse
1110 3550 1257 3638 reliqua,

210 3654 282 3699 non
307 3626 452 3699 1111111111
476 3633 528 3700 his
550 3631 659 3702 rebus.
702 3636 741 3701 In
764 3632 881 3724 quibus
905 3652 1015 3699 uuum·
1030 3650 1165 3714 verum,
1188 3635 1256 3701 duo

210 3713 403 3804 1111111111.
445 3719 532 3786 Nam
557 3733 645 3787 recte
667 3722 810 3788 refertur
831 3723 867 3786 in
888 3732 999 3786 cetero
1025 3721 1087 3786 alia
1111 3742 1189 3806 pars
1214 3719 1256 3785 ad

209 3802 299 3869 idem
313 3826 434 3893 genus,
456 3808 569 3872 autad
585 3809 831 3895 idemcorpus,
853 3818 886 3872 et
908 3811 1022 3872 celera
1045 3808 1122 3869 sunt
1143 3813 1293 3894 partes·¹

208 3890 306 3955 unius
327 3891 393 3955 reis
418 3900 451 3956 at
473 3893 670 3980 primarium
693 3886 774 3959 illud
798 3897 865 3975 est,
918 3916 961 3957 uo
989 3886 1117 3955 diverso
1149 3886 1256 3957 ruodo

208 3982 376 4051 ceteraet
395 3971 527 4067 reliqua
551 3980 592 4043 ad
613 3973 697 4044 illud
721 3992 825 4045 uuum
848 3916 1052 4064 reparantur,
1074 3998 1135 4042 nec
1158 3972 1257 4064 quid·

208 4082 309 4148 quam
324 4062 479 4147 interest,
505 4075 617 4132 atram
635 4065 720 4151 hoc,
740 4064 833 4154 quod
854 4065 1020 4151 reliquum
1042 4056 1161 4131 dicitur
1168 4110 1180 4146 ,
1201 4073 1258 4128 to-
