2618 4770
450 253 589 323 omne.
634 256 812 328 CIRCVM.
1114 276 1157 345 55
1227 306 1232 315 ,

129 408 204 492 Kal„
220 409 348 476 deinde
361 412 635 479 aircum'va'llulaa
650 426 788 482 nostrae
804 441 934 486 errare.
949 424 1155 492 nondictum

128 508 166 562 ert
178 497 215 562 ab
225 519 277 578 eo,
294 499 353 583 qui
370 498 497 563 circum
510 499 600 565 villas
620 513 755 583 erraret,
776 503 833 567 aed
849 505 907 591 qui
922 522 1106 575 versaretur
1120 514 1155 576 in

127 582 197 648 uilia
217 584 338 646 aruum
362 582 560 666 iacentibus,
581 606 643 650 nec
668 597 833 652 vertamus
857 613 914 655 um
938 592 996 657 die
1024 592 1065 657 V
1061 596 1153 679 illeu,

130 667 176 733 ced
194 669 224 733 ia
243 666 312 733 deu
335 664 378 730 V
373 668 605 736 ittenumter.
648 672 760 737 Potest
777 673 878 761 igitur
903 679 1003 742 etiam
1025 679 1072 745 ita
1096 705 1155 745 ex-

131 753 232 840 plicui:
276 752 406 818 villulas
423 777 468 820 cx·
489 754 606 821 ordine
631 757 831 844 perlustrare
848 771 882 824 et
904 763 1095 831 circumiret
1117 778 1155 831 ut

128 838 230 904 Plautus
252 837 368 903 Truc.·
381 844 421 917 2,
443 842 482 923 4,
498 842 553 907 53.
575 842 734 913 circu-mit
748 867 816 930 per
832 842 1010 946 familiae.
1054 851 1152 917 Ratio

124 945 181 990 rcro
193 924 247 990 illa
264 935 469 990 commutata
493 927 608 993 eadem
625 938 693 1009 est,
717 950 817 1014 quam
833 954 869 996 m
893 951 988 999 anna
1003 935 1152 1004 illustra·

121 1011 204 1075 rimus
228 1008 333 1075 Tom.
350 1016 382 1075 1.
402 1033 438 1098 p.
454 1017 530 1078 370.
574 1013 731 1078 Ceterum
752 1026 827 1079 ante
840 1017 972 1083 Livium
992 1042 1092 1086 nemo
1115 1022 1150 1088 in

118 1093 164 1159 tac
176 1095 372 1179 loquutione
388 1097 559 1184 usurpavit
583 1095 731 1163 formam
752 1099 866 1166 circu:
889 1102 945 1170 ille
960 1125 1039 1174 vero
1054 1108 1149 1191 dixit,

117 1181 188 1268 quod
208 1178 468 1270 Oudendorpius
485 1204 606 1272 negare
620 1183 737 1250 valuit.

197 1322 254 1379 Cic.
270 1342 298 1394 p.
319 1323 412 1392 Quint.
427 1322 460 1390 6,
477 1321 519 1378 25.
537 1330 594 1378 tum
614 1325 733 1380 Naevius
748 1344 844 1396 praerat
867 1326 966 1383 circum
982 1333 1080 1386 amicae
1105 1332 1147 1386 ‹ii-

162 1410 251 1464 raittit.
287 1407 401 1463 Nostri
421 1410 472 1461 den
485 1408 626 1463 Facundcu
644 1412 881 1466 umhcrachicken.
916 1414 1095 1469 vinricort.
1112 1417 1147 1470 ad

163 1495 191 1548 Ιι.
216 1495 237 1548 l.
275 1493 388 1565 Sueten.
409 1493 475 1546 Ner.
498 1492 541 1547 47.
567 1493 625 1549 cta.
649 1493 680 1548 in
700 1497 778 1550 Verr.
800 1495 898 1564 2,11),
922 1497 984 1557 lon.
1022 1501 1046 1552 ia
1068 1517 1147 1569 qaum

160 1584 308 1650 pauonem
322 1580 419 1632 circum
435 1578 524 1632 amaia
539 1583 607 1646 fara
626 1587 787 1647 sectaretur,
805 1598 889 1649 neque
908 1584 944 1635 ut
967 1601 998 1636 co
1021 1601 1146 1653 umqum

164 1663 319 1728 comer,
336 1669 390 1717 otc.
426 1663 455 1715 in
473 1662 554 1717 catil.
570 1663 604 1730 4,
622 1662 655 1728 8,
671 1663 713 1718 lt.
736 1665 815 1718 Gaea.
839 1665 874 1718 B.
892 1664 947 1720 eir.
961 1666 995 1734 3,
1010 1667 1054 1721 22.
1083 1667 1144 1722 niv.

160 1745 257 1811 imo,
273 1745 299 1799 1.
308 1747 410 1817 legatia
423 1749 470 1799 eut
482 1749 551 1800 idem
565 1756 668 1818 ternpore
685 1749 714 1801 io
728 1750 822 1803 Aetam
833 1751 930 1803 circam
944 1751 1046 1804 iurata
1054 1753 1143 1806 micea.

159 1831 190 1897 1,
202 1831 237 1897 θ,
257 1830 283 1884 2.
301 1838 359 1885 tum
377 1849 408 1883 ea
423 1832 650 1901 aemilianum
674 1833 803 1886 Romulae
825 1835 929 1905 legatae
951 1835 1022 1887 circa
1043 1836 1145 1889 uicinae

157 1923 248 1986 genter
261 1915 342 1968 rna'er't.
362 1913 382 1968 1.
398 1931 423 1969 ο.
441 1915 476 1966 ad
493 1914 598 1969 vicinas
612 1921 709 1986 genter
727 1917 812 1972 circa.
829 1917 861 1984 4,
878 1915 928 1983 23,
942 1915 968 1971 5.
991 1917 1035 1984 42,
1049 1917 1095 1984 ol,
1116 1918 1142 1984 1,

157 2000 250 2052 titteric
279 1999 351 2051 eirea
375 2003 524 2066 praefectae
546 2002 670 2055 dimaon.
693 2000 745 2068 28,
768 2000 819 2069 26,
842 2001 885 2055 11.
902 2003 1070 2071 centonesque
1089 2003 1142 2054 eic-

156 2102 187 2138 cc
205 2100 297 2136 aranee
325 2089 421 2151 portae
446 2085 538 2151 ariaci,
566 2104 601 2140 nc
622 2088 682 2156 qaia
704 2088 770 2139 arte
795 2087 973 2155 egrederetur.
995 2084 1046 2152 31,
1062 2085 1098 2150 ὃ,
1113 2084 1140 2138 ὅ.

152 2170 233 2238 'quma
246 2195 284 2207 -
306 2168 449 2220 adornaret
475 2186 551 2234 eum,
577 2197 613 2215 -ι-
640 2171 858 2240 quemadmodum
880 2170 952 2222 circa
974 2186 1062 2222 amuco
1086 2188 1140 2222 cau

155 2253 311 2306 continentie
324 2252 401 2304 mado
415 2254 509 2318 uriaco,
528 2255 573 2306 aed
589 2254 670 2306 etiam
685 2254 787 2306 incolae
806 2253 907 2322 partim
929 2253 983 2321 ipro
1007 2254 1138 2318 adeundo,

156 2338 252 2407 punina
266 2352 317 2404 per
334 2337 438 2406 legator
453 2339 566 2390 conciret
589 2337 709 2391 homines,
725 2338 762 2390 ad
780 2334 1038 2402 armc.2t‚1a,1.
1059 2337 1139 2390 mini-

158 2424 297 2485 tabantur,
316 2422 370 2475 uici
382 2423 502 2475 accirent
518 2423 549 2474 iu
562 2429 698 2487 acuatum,
718 2421 789 2475 cirea
803 2423 893 2477 domna
906 2438 996 2475 earura
1010 2421 1093 2472 iturae
1111 2437 1139 2474 ec

159 2508 223 2559 cta'u
242 2506 379 2576 patticam
402 2521 489 2557 amaea
501 2506 530 2559 ui
549 2513 712 2560 extracturcr
736 2523 798 2559 care.
818 2504 839 2560 i.
854 2521 878 2559 c.
899 2505 993 2559 domoc
1015 2503 1137 2559 adituros

155 2590 263 2645 circum.
288 2588 362 2643 Plin.
376 2588 450 2642 nist.
468 2605 495 2642 n.
510 2589 543 2655 7,
558 2589 609 2655 31,
623 2589 667 2644 31.
697 2590 876 2658 Hippocratae
893 2617 929 2630 ·-
942 2591 1084 2658 dodpulaa
1100 2618 1136 2630 -·

156 2677 190 2730 ct
204 2674 390 2729 carumdem
409 2674 481 2725 cirea
495 2676 573 2730 artos
594 2676 702 2729 dimisit.
738 2675 848 2728 Saeton.
862 2673 934 2744 Aug.
950 2672 994 2727 49.
1029 2673 1062 2725 Ιιι
1081 2674 1135 2726 hac

146 2758 275 2814 'famula
284 2760 388 2812 mittem
395 2763 424 2810 et
431 2758 564 2813 dimittere
569 2759 680 2830 proprie
688 2758 744 2814 tici
755 2757 952 2815 demonstravit
959 2755 1133 2827 Oudendorp.

157 2845 190 2901 ai
202 2845 316 2900 Sueten.
335 2843 415 2896 caea.
433 2839 478 2896 41.

183 2961 321 3018 Similiter
343 2962 473 3031 Propert.
492 2960 526 3027 1,
549 2960 584 3028 4,
606 2961 650 3018 21.
678 2968 706 3017 tc
727 2961 824 3016 domm
844 2977 932 3016 omuer
960 2961 1033 3015 aliar
1058 2959 1133 3013 irata
1245 2990 1247 2994 ·

152 3051 253 3120 paelice
269 3048 381 3115 differet.
398 3047 418 3100 i.
434 3064 459 3101 e.
477 3046 550 3115 apud
571 3063 664 3101 omnes
685 3048 792 3117 puellae
814 3046 926 3100 circum.
971 3045 1033 3111 Quo
1057 3044 1132 3095 reie-

154 3135 212 3189 ron
233 3133 320 3186 etiam
342 3132 543 3202 fragmentum,
567 3131 641 3200 quod
663 3148 697 3184 ex
720 3132 847 3185 Graccho
874 3129 957 3184 offert
985 3127 1131 3180 Diomedae

152 3236 176 3288 p.
189 3216 251 3270 etl.
269 3214 387 3269 ridiculo
404 3234 500 3270 errore
516 3217 589 3269 inter
602 3217 759 3285 fragmenta
773 3214 870 3268 libror.
885 3212 1026 3266 Ciceronis
1037 3211 1130 3266 eant—

152 3302 202 3357 rin.
217 3306 378 3369 receptum:
396 3302 575 3354 cohortatione
591 3298 878 3354 amnemamnem
894 3300 1062 3353 antecellunt.

190 3421 304 3475 Sueten.
320 3419 384 3474 Ner.
400 3420 443 3474 28.
463 3421 533 3473 laurac
546 3447 582 3459 -
602 3420 674 3472 circa
686 3425 826 3472 carrucatae
848 3422 1028 3486 mercatusque
1043 3417 1128 3469 Grae-

147 3506 199 3560 atae
211 3525 244 3559 ac
259 3522 320 3558 mcc
340 3506 441 3558 Itmnac
463 3506 534 3557 circa
555 3504 693 3575 sigillaria
714 3503 852 3556 comitatur
878 3509 924 3554 cat.
963 3500 1124 3554 Oudendor-

149 3592 206 3661 piua
224 3607 380 3659 affluens,
397 3607 464 3643 num
482 3590 556 3643 Nero
583 3604 646 3640 cum
669 3587 757 3656 Spore
779 3588 867 3640 solum
892 3585 969 3640 iuxta
986 3574 1021 3638 'et
1040 3601 1126 3654 prope

148 3692 192 3728 aaa
205 3662 354 3739 urbes,‘in
368 3675 468 3742 quibua
483 3677 630 3725 conventus
648 3677 675 3724 et
693 3677 830 3723 mereatur
854 3671 1022 3739 agebantur,
1042 3685 1127 3722 rene·

145 3759 194 3826 rit,
211 3776 302 3828 nequa
319 3775 366 3811 aas
381 3757 542 3823 intraverit,
562 3756 755 3825 corrigendum
779 3760 872 3807 cenaet
894 3756 991 3808 circum
1014 3772 1125 3806 cenaeu-

145 3851 185 3898 tac
205 3850 234 3899 ct
254 3846 352 3897 circum
376 3845 523 3914 aigittaria.
562 3843 616 3908 at,
632 3847 663 3895 ut
681 3839 757 3893 nivii
776 3841 864 3895 verba
886 3839 972 3892 allata
997 3839 1123 3906 probant,

147 3929 229 3983 ctiam
242 3931 314 3983 circa
328 3927 439 4000 ponitur
454 3944 504 3996 pro
520 3928 556 3981 nrt
571 3929 642 3994 lacu,
661 3945 728 3996 quac
744 3924 815 3977 circa
835 3931 905 3989 aaut,
928 3922 1001 3991 quod
1018 3940 1067 3974 noa
1081 3921 1124 3974 di-

146 4013 231 4068 eimuc
260 4015 361 4089 unzter.
412 4012 491 4079 Quae
509 4008 823 4082 Baumgarten—Crusiua
845 4007 874 4061 in
905 4006 984 4060 Clavi
1011 4006 1122 4060 Sueton.

144 4115 171 4167 ιι.
188 4097 248 4156 lar.
266 4098 390 4170 profert,
407 4092 531 4173 quari-ia
544 4095 829 4177 praepositionem
845 4109 907 4151 coru
921 4091 1031 4158 verbio,
1052 4106 1122 4162 qaae
