2618 4770
315 286 837 364 aonrnssr.aonmss1a
886 330 893 339 „
987 282 991 286 ’
1040 238 1101 364 iat

56 470 128 516 esse
143 445 334 513 coniicimus
357 458 411 512 aut
434 443 555 532 aliquid
578 443 670 525 fieri,
696 468 773 512 cum
792 447 932 533 quadam
950 430 1098 517 affirma-

54 535 159 602 tionis
188 533 296 620 specie
327 532 521 620 opinamur,
557 530 604 595 ita
633 530 755 596 adiecto
778 533 902 619 syllaba
926 535 1096 617 intensiva,

55 641 141 706 quae
157 621 252 683 etiam
278 619 313 681 in
334 617 458 698 verbis,
486 614 585 680 veluti
606 615 641 678 in
659 624 796 701 capesso
804 667 814 701 ,
838 643 854 683 a
883 632 990 706 paret,
1011 620 1095 709 jnr-

54 705 162 770 taaaia
188 715 220 767 et
234 702 388 792 sarincae
416 701 557 788 propius
571 642 1096 791 miton-em,

53 801 89 854 et
104 810 176 852 rem
198 787 360 867 indicant,
388 807 506 872 quam,
534 794 649 872 utpote
668 787 908 872 probabilem,¹
923 813 993 854 esse
1007 793 1096 858 arbi-

52 885 181 938 tramur
196 882 228 936 et
250 873 357 958 ipsam
379 871 483 935 videri
505 891 573 933 esse
596 869 743 955 dicimus.
792 873 868 937 Non
892 873 1095 945 affirmamus

53 959 189 1046 quidem
215 978 286 1021 eam
310 977 386 1033 vere
409 977 497 1035 esse,
536 954 593 1032 sed
614 955 822 1041 probandam
849 958 950 1023 videri
975 961 1025 1024 vel
1049 962 1094 1025 ob

51 1064 167 1111 rerum
180 1041 422 1105 cohaerentiam
437 1039 488 1104 vel
502 1048 639 1125 propter
661 1041 837 1126 opinionis
852 1052 973 1106 certam
991 1047 1096 1109 ratio-

50 1151 143 1196 nem.
193 1127 280 1190 Haec
302 1135 351 1188 est
373 1124 531 1211 quaedam
555 1121 782 1209 affirmationis
813 1129 997 1212 occupatio.
1040 1129 1094 1195 Cf.

53 1214 159 1285 Tom.v
174 1210 199 1275 Ι.
224 1234 260 1297 p.
275 1213 350 1275 818.
392 1208 537 1273 Tantum
551 1209 652 1296 igitur
666 1210 772 1292 abest,
804 1220 840 1273 ut
858 1208 1012 1299 fortasse
1031 1212 1096 1277 du-

53 1298 252 1365 bitationem
280 1293 465 1382 exprimat,
496 1303 533 1356 ut
556 1291 742 1359 affirmandi
763 1305 918 1359 conatum
939 1318 1008 1360 non
1034 1320 1095 1361 ex-

50 1387 168 1472 iguum
182 1377 528 1467 significetverborum
544 1380 635 1457 ἴσως,
652 1379 739 1465 quod
758 1381 797 1444 ab
813 1383 881 1444 siin
899 1381 949 1444 vel
965 1383 1046 1464 eiua,
1062 1393 1096 1446 et

49 1491 118 1558 pro
138 1461 259 1540 εἰκότως
277 1465 412 1543 dicitur,
436 1474 468 1527 et
488 1463 669 1544 vielleicht,
698 1464 789 1550 quod
811 1467 967 1532 Germani
990 1466 1031 1531 de
1053 1489 1092 1532 eo

51 1553 145 1643 quod
161 1551 255 1616 facile
271 1556 339 1614 e'see
355 1548 457 1636 possit
475 1547 597 1613 dicunt.

158 1668 311 1737 Gemhartl.
326 1667 361 1720 ad
378 1667 508 1736 Quinctil.
523 1666 604 1734 216,
619 1665 661 1719 11.
679 1666 816 1733 ,Jorsitco
832 1677 994 1739 quaerantur
1008 1671 1096 1741 signi·

121 1757 203 1817 fleat,
227 1771 280 1805 non
294 1753 409 1804 multum
425 1754 526 1824 refert,
553 1755 734 1821 quaerentur,
752 1769 802 1805 nec
818 1771 862 1806 ne.
895 1755 1018 1808 Fortasse
1028 1757 1095 1822 fleri

120 1837 236 1893 dicimus
253 1837 299 1902 iu,
327 1836 399 1906 quot
414 1836 625 1905 quodammodo,
651 1840 681 1888 ut
697 1836 808 1889 fortuna
822 1837 910 1902 ferat,
941 1840 1095 1905 optamus.“

120 1922 164 1976 Ito
177 1922 269 1975 verius
290 1923 344 1975 hoc
365 1920 492 1974 definitur
514 1938 595 1989 qnam
614 1918 692 1993 illut.
726 1920 896 1974 Momentum
910 1920 983 1974 enim
997 1938 1050 1976 non
1064 1921 1093 1977 in

122 2006 237 2074 effectu,
258 2007 306 2060 aed
318 2006 347 2059 in
361 2003 488 2074 opinione
502 2002 621 2071 positum
638 2007 687 2054 eat.

140 2113 170 2170 1.
190 2108 338 2171 Primum
354 2105 492 2190 ponitur
507 2100 655 2186 fortasse
677 2102 712 2166 in
729 2101 871 2167 veritatis
887 2100 935 2178 rei
951 2127 1093 2194 occupa-

50 2193 165 2263 tione,
187 2211 251 2275 qua
267 2190 408 2274 aliquam
426 2210 499 2265 rem
514 2184 615 2252 videri
626 2207 701 2267 ,esse
724 2185 879 2262 dicimus..
914 2189 1094 2265 Coniectu-

50 2276 132 2343 ralis
156 2295 238 2357 ,ergo
268 2284 315 2337 est
345 2272 428 2337 ratio
452 2269 770 2343 adaffirmationem
794 2273 1012 2358 propensior,
1043 2277 1095 2340 vel

51 2382 130 2428 rem
144 2356 338 2427 concedens,
359 2422 363 2427 ,
379 2356 450 2427 Noa
466 2357 602 2421 dicimus
617 2355 668 2421 vel
683 2354 846 2420 vielleiaht
862 2355 913 2420 vel
928 2360 1094 2422 oermntla-

10 2467 16 2473 ·
52 2444 135 2510 liele.
177 2443 226 2508 Ita
243 2441 281 2507 fit
298 2436 431 2530 proprie
454 2441 487 2507 in
514 2441 680 2522 oratioue,
709 2461 807 2526 quam
828 2439 978 2506 rhetores
1000 2454 1094 2509 aute·

54 2529 308 2617 occupationem
324 2526 500 2616 appellant.

158 2647 215 2701 Cic.
229 2648 291 2701 Dia.
308 2648 337 2701 in
353 2650 432 2701 (iaec.
446 2647 488 2712 12,
505 2645 548 2699 4⁰.
559 2647 677 2711 fortasse
693 2645 780 2713 dices.-
800 2645 888 2715 quid?
905 2662 970 2717 ergo
985 2616 1050 2700 hacc
1063 2648 1093 2701 in

121 2739 148 2787 te
167 2741 228 2786 sant
249 2732 368 2808 omnini·
383 2748 409 2799 p.
422 2731 501 2799 Lege
517 2730 590 2783 Mun.
605 2729 631 2794 9,
646 2728 695 2792 22„
714 2730 860 2799 requiretur
875 2733 994 2795 fortasse
1014 2749 1093 2797 nnnc,

121 2818 345 2886 quemadmodum,
361 2833 439 2885 quum
453 2814 517 2868 hacc
531 2814 572 2868 itu
586 2813 648 2878 sint,
663 2814 790 2882 reliquam
802 2815 951 2889 pensitasse
965 2833 1094 2888 magnum

120 2904 224 2955 heliam.
1080 2904 1090 2914 “’

158 3003 269 3056 Terent.
288 3002 389 3055 Heant.
408 3000 436 3067 1,
456 2999 482 3066 2,
505 2998 548 3053 2⁷.
571 3001 689 3066 sommae
712 3000 876 3068 aliquantum
898 3003 1012 3072 iniquior
1035 3013 1093 3061 crui

123 3095 231 3158 praeter
250 3088 306 3138 cius
327 3085 476 3138 lubidinem.
504 3074 651 3149 licem,
664 3083 707 3136 28.
732 3082 807 3136 aliud
824 3079 947 3153 famosae
962 3087 1016 3150 ,etit
1034 3091 1094 3142 vitii

121 3177 176 3221 eat.-
202 3187 251 3239 ego
267 3186 323 3222 sun
339 3171 427 3223 naimo
444 3168 497 3222 leni
512 3174 599 3220 nutas.
635 3166 693 3220 uto.
709 3166 743 3218 ad
762 3167 840 3219 Fam.
855 3166 881 3232 7,
898 3168 924 3234 3,
942 3169 985 3224 21.
1010 3170 1092 3227 habea

122 3253 260 3327 epistolem
279 3254 448 3306 verbosiorem
461 3255 579 3319 sonasse
598 3265 676 3319 quum
695 3251 781 3304 uelles.
815 3248 940 3317 6,1,19.
965 3256 1092 3313 sed'ituee
1118 3282 1121 3287 ·

123 3338 372 3407 longiorofortusse
385 3338 510 3407 fuerumt,
530 3350 608 3405 quam
624 3320 798 3401 neeeseesuit.

139 3443 172 3502 2.
199 3437 415 3522 Interrogatio
445 3437 530 3501 hanc
562 3434 754 3524 particulam
786 3437 921 3525 recipit,
958 3430 1091 3526 qnando

52 3546 109 3592 res
123 3521 251 3586 videtur
276 3519 470 3608 probabilis=
500 3543 600 3606 quare
624 3523 778 3608 vertimus
793 3512 1091 3603 ,waltrsclrcinlich

55 3606 122 3674 Sed
139 3607 300 3695 negabant
317 3607 520 3692 grammatici
544 3605 677 3692 quidam
699 3606 734 3671 in
756 3608 1017 3696 interrogatione,
1037 3635 1092 3678 us-

55 3714 159 3781 quam
183 3692 262 3780 poni
277 3689 431 3778 fortasse
455 3712 516 3777 pro
538 3704 587 3755 'nn
609 3691 731 3775 velpe.
782 3693 911 3771 Scilicet
932 3694 997 3758 hoc
1019 3720 1091 3762 non

53 3778 186 3868 poterit¹
211 3775 300 3841 fieri:
335 3785 368 3841 at
390 3777 603 3873 interrogatio
626 3786 736 3864 potest
759 3764 815 3861 ex'y
833 3779 990 3865 opinione
1019 3802 1092 3847 rem

53 3872 279 3953 praesumere.
323 3861 413 3926 Tum
436 3858 551 3935 similis
572 3871 624 3937 est,
640 3870 745 3926 rectae
769 3864 994 3928 enuntiationi.

159 3982 250 4037 Ptaut.
266 3982 369 4036 Bacch.
386 3979 412 4045 4,
435 3979 460 4045 4,
476 3979 518 4033 2⁰.
541 3981 668 4046 famescis
689 3989 720 4035 tu
741 3984 803 4036 nuci
823 3984 957 4054 dempsisti
973 3944 1092 4055 partimi

126 4064 203 4121 Pera.
221 4064 248 4130 3,
265 4063 349 4132 W.
364 4067 484 4135 ,immae
497 4065 591 4131 mmai·
609 4066 638 4119 in
657 4083 765 4135 manum
787 4068 958 4135 commedere?
979 4069 1091 4141 Tenent.
1175 4141 1177 4145 Α

100 4160 174 4227 ΙΙ.“
548 4215 551 4219 -
754 4169 944 4241 ww,
