2664 4756
630 267 703 333 EX.
918 306 967 333 ·.
1028 268 1053 343 ,,’
1122 278 1186 341 648

243 426 342 498 t'irgil.
357 427 425 481 Aen.
446 422 473 491 6,
494 422 555 477 ddi.
582 420 687 475 tumido
705 436 736 473 or
749 421 795 473 ira
807 428 864 475 tam
876 425 957 478 eorda
970 428 1104 485 eminuit.
1123 430 1145 485 i.
1158 448 1185 486 e.

208 531 293 583 qnam
316 518 398 565 antee
423 508 507 563 eorda
531 510 715 561 tumescerent
735 504 788 559 ira.
830 506 943 562 Sallurt.
969 510 1030 581 lug.
1042 512 1088 579 36,
1100 514 1127 568 h.
1152 535 1186 569 ae
1268 538 1272 549 ·

203 602 297 665 suere,
308 598 353 675 pai
367 604 423 649 tarn
429 594 555 647 Attianae
568 592 644 643 haud
657 590 786 661 ignaua
799 590 901 645 oossitti
910 594 985 661 rogis
997 590 1186 666 madantensi,

208 700 289 751 nepae
308 698 340 735 ea
358 688 436 735 tanta
454 677 632 747 properantia
651 682 709 753 toas
725 676 812 741 sadda
829 682 944 731 traotnao
960 678 1054 731 belluas
1066 684 1187 755 secordia

207 768 297 837 magis
313 780 391 834 quari
412 764 471 817 doto
489 761 633 815 moment.
661 756 682 811 i.
697 774 723 811 o.
747 774 831 829 quum
847 764 929 815 antea
941 771 1117 831 properasset
1135 768 1186 821 nt-

208 848 296 903 hinur.
323 846 383 899 tio.
401 844 511 899 Gor-tius
527 843 563 897 ad
578 843 608 897 h.
623 842 645 896 l.
776 838 779 843 ’

224 984 279 1049 60.
302 984 508 1069 Depravatoe
531 978 700 1075 latinitatis
720 988 787 1057 eet,
819 976 910 1063 quod
926 978 1187 1051 instrumentum

140 1056 713 1219 exprimitur‘hae3hraepositiona
770 1062 905 1151 Antiqui
933 1067 1108 1168 scriptores
1133 1071 1186 1134 tel

137 1148 868 1328 ‚strutarrlra.ttll52a:¹.r;ut..
882 1148 1000 1217 Μ’
1013 1152 1048 1217 ³²
1061 1152 1185 1220 ‘het-

241 1356 349 1411 Pallnd.
358 1352 402 1419 11,
411 1353 454 1421 li,
468 1355 494 1406 1.
513 1360 626 1407 manuos
640 1382 675 1392 -
691 1353 811 1425 agitatis
823 1370 854 1421 aa
869 1370 958 1409 mm
971 1354 1095 1411 radhata
1107 1360 1186 1413 oeho-

205 1450 314 1497 sssater.
348 1436 453 1509 Hygia.
468 1438 537 1490 ran.
554 1434 597 1489 21.
622 1420 718 1491 Medea
732 1464 768 1475 —
789 1438 939 1491 nammis
955 1440 1041 1493 motta
1054 1440 1186 1497 miracala

203 1526 281 1595 fecit.
314 1512 440 1593 Fimporii
455 1523 586 1575 Rhetoris
599 1523 782 1576 Demonstrat.
796 1538 823 1589 p.
838 1518 900 1575 285·
915 1538 985 1577 nors
999 1534 1188 1595 poopueatroa

207 1618 234 1665 et
247 1611 331 1681 inpio
345 1616 523 1677 sttamqaaao
536 1605 603 1675 ipsis
615 1606 693 1657 retas
712 1606 836 1657 nomana
850 1606 982 1672 Mansa,
1011 1616 1037 1662 at
1051 1616 1141 1661 tumen
1155 1628 1188 1664 ea

208 1698 257 1749 hoe
276 1696 385 1747 horma
409 1692 527 1757 diadar,
559 1690 630 1759 pund
652 1690 688 1741 sit
708 1689 805 1741 oreiam
817 1684 861 1743 'er
880 1692 1004 1745 nuntias
1026 1698 1186 1748 senatorum.

205 1778 385 1849 Epitaphium
400 1776 472 1845 qnod
487 1774 570 1829 ull'ert
584 1770 717 1827 Barthins
734 1773 770 1827 ad
783 1772 927 1829 Glaudiun.
946 1794 974 1844 p.
990 1774 1067 1829 1318.
1087 1778 1186 1831 inmis-

206 1881 313 1933 mpne
325 1878 391 1917 aron
410 1862 474 1915 dans
495 1858 594 1930 pendet
613 1858 644 1909 in
661 1874 723 1911 nera
744 1858 826 1921 tela·
844 1860 978 1923 atredit,
1005 1876 1037 1911 er
1061 1862 1119 1913 alia
1131 1862 1188 1928 flat

201 1948 330 2019 sregipne
352 1945 465 2015 sagitto.
506 1945 585 2013 Quae
609 1940 667 1995 alin
687 1941 821 1995 Barthius
841 1944 941 2009 hahet,
970 1943 1054 1997 alieni
1075 1946 1188 2015 genesio

207 2039 278 2087 aaut.

186 2140 192 2153 '
243 2134 324 2203 Apud
344 2134 458 2185 Festum
478 2146 501 2183 s.
519 2144 546 2181 v.
571 2128 674 2209 uiatore
694 2128 824 2197 leguntur
840 2128 923 2181 Ennii
937 2128 1008 2183 haee
1023 2136 1109 2187 verba
1124 2152 1186 2188 eor-

207 2226 305 2287 rnpta:
329 2215 417 2271 netab'
436 2214 460 2266 si
482 2212 589 2283 pondo
602 2210 697 2275 ahoth
710 2213 835 2265 matina
851 2230 966 2266 oeaeaoa
988 2224 1054 2285 opta
1076 2221 1140 2271 solet
1162 2220 1187 2273 si

203 2306 279 2368 porte
298 2318 329 2353 ea
346 2315 413 2350 aare
434 2297 530 2367 sagaci
547 2296 629 2349 sante
646 2314 708 2351 oona
729 2312 780 2349 sao
796 2297 870 2349 aicta
891 2300 1027 2367 atatntpae
1046 2302 1085 2354 iti
1107 2310 1187 2355 acuta

209 2392 244 2439 ot.
279 2383 382 2436 Paulus
398 2398 450 2434 non
468 2382 553 2434 hehet
568 2380 805 2450 praepositionem.
847 2381 913 2435 Sine
928 2382 1062 2435 librorum
1085 2384 1188 2437 auxilio

207 2484 306 2537 purum
322 2465 459 2536 proficies.
479 2465 592 2519 Vrsinus
606 2464 723 2517 coniecit
740 2480 826 2517 mx
841 2496 876 2505 —
891 2469 966 2521 atooit
979 2494 1014 2527 ,—
1029 2477 1109 2521 arata
1124 2476 1171 2521 eet.

226 2602 280 2669 51.
306 2602 451 2691 Originis
459 2602 641 2667 motionem
658 2600 815 2750 proxima
833 2603 962 2689 attingit
974 2603 1069 2667 notio
1081 2615 1189 2668 trans-

142 2689 346 2754 mutationis.
390 2686 476 2751 Nam
499 2688 556 2773 qui
578 2708 620 2750 ex
641 2687 704 2752 aio
724 2686 804 2751 alius
824 2686 880 2768 fit,
901 2688 1044 2775 aptiori
1069 2688 1187 2753 condi-

142 2776 234 2838 tione
254 2774 372 2837 transit
392 2774 426 2837 in
443 2772 558 2837 aliam:
589 2770 688 2859 idque
712 2793 813 2856 quum
838 2773 877 2835 ad
901 2777 1059 2861 temporis
1084 2776 1188 2839 ratio·

141 2883 219 2924 nem
239 2858 352 2924 referri
367 2860 489 2947 possit,
520 2880 618 2945 saepe
633 2858 730 2921 simul
750 2860 1044 2943 consequutionem
1062 2862 1189 2945 cogita-

143 2966 230 3007 mus.
279 2944 327 3007 lta
359 2966 400 3009 ex
425 2953 603 3029 usurpatur
632 2942 819 3006 demutata
850 2966 992 3030 persona
1025 2953 1121 3030 atque
1146 2944 1189 3008 de

144 3026 378 3093 transformata
400 3030 482 3093 vitoe
506 3039 539 3092 et
561 3049 693 3091 morum
717 3028 916 3093 conditione.
961 3022 1104 3091 Plurima
1127 3052 1189 3092 ex-

145 3111 254 3198 empla
276 3113 371 3177 hunius
395 3134 491 3193 tostos,
520 3114 577 3199 qui
598 3112 717 3175 multas
737 3112 914 3177 verborum
933 3115 1188 3179 coniunctorum

143 3198 287 3276 formas,
310 3201 407 3263 etiam
422 3198 610 3285 dispariles,
637 3196 751 3278 habet,
782 3199 822 3261 ad
840 3198 990 3262 homines
1009 3202 1189 3284 pertinent,

144 3304 248 3371 pauca
266 3282 303 3345 ad
324 3305 372 3345 res
390 3294 539 3349 mutatas.
585 3282 636 3348 Cf.
653 3283 866 3371 Oudendorp.
884 3283 923 3346 ad
940 3284 1105 3363 Lucani,
1113 3290 1188 3349 719.

145 3372 238 3433 Cart.
264 3368 303 3431 ud
323 3368 452 3434 Sallust.
486 3370 556 3434 Cat.
582 3370 613 3448 5,
638 3373 667 3432 9.
706 3368 776 3456 lug.
801 3375 851 3447 10,
879 3370 910 3432 4.
942 3366 1121 3436 Ruhnken.
1145 3370 1189 3434 ad

147 3454 283 3516 Terent.
311 3453 395 3518 And.
420 3460 450 3529 1,
476 3462 505 3534 1,
532 3460 582 3518 10.
629 3455 744 3518 Graeci
771 3456 887 3519 eodem
916 3453 1019 3516 modo
1050 3457 1091 3520 ἐκ.
1122 3455 1189 3520 vid.

145 3538 322 3687 Froplsplper
352 3539 391 3601 ad
421 3539 572 3623 Aquilam
597 3540 695 3603 Rom.
719 3541 751 3605 4.
787 3550 819 3605 et
846 3538 1004 3605 Matthiae
1038 3542 1190 3606 Gramm.

144 3647 178 3710 1).
286 3668 294 3686 ο

248 3742 339 3813 Plani.
357 3740 423 3793 cist.
438 3740 464 3805 3,
481 3740 523 3794 21.
543 3745 567 3796 si
577 3762 681 3813 possam
696 3746 870 3815 tranquillam
877 3748 972 3813 sorore
985 3760 1016 3797 er
1030 3744 1100 3795 irato
1114 3743 1190 3795 mihi.

214 3826 271 3877 Cle.
288 3826 351 3878 Div.
369 3825 398 3877 in
415 3828 494 3880 Caee.
511 3826 553 3893 lt,
566 3827 608 3880 57.
626 3830 672 3881 sed
684 3838 788 3899 repento
802 3832 940 3901 evestigio
955 3846 987 3881 sa
1002 3829 1105 3880 homine
1119 3833 1200 3901 taos--

212 3928 291 3978 quam
299 3911 389 3978 olipao
399 3913 497 3963 circaeo
504 3914 693 3981 pooalosaotas
709 3922 746 3966 est
755 3916 854 3967 Verres.
868 3914 915 3965 uhi
926 3913 1098 3979 scripturum,
1107 3926 1190 3976 quam

214 3994 376 4047 Rufinianus
402 3996 570 4064 suppeditat,
604 4014 657 4047 non
678 4003 834 4065 praestaro,
869 3998 916 4050 sed
937 4000 971 4050 ob
994 3995 1192 4062 interpolatore

215 4081 366 4146 prolectant
383 4097 441 4135 esea
457 4087 531 4149 puto.
565 4078 760 4147 Phliunta.
778 4082 963 4149 earrnagister
975 4082 1032 4136 aias
1046 4087 1194 4135 exoratura

848 4166 922 4227 41*
