2618 4770
555 256 772 340 EQvtoEM.
1121 269 1190 337 426

128 436 171 485 ιιι
185 432 265 483 cnm
279 416 479 505 praesertim
489 412 630 479 modum
645 414 801 493 adhibet,
829 426 866 480 ut
882 414 925 496 is,
949 420 1005 507 qui
1027 421 1190 510 loquitur,

130 525 190 583 co,
223 524 308 589 quoe
322 502 364 567 de
379 524 414 567 se
427 523 551 587 suaque
566 502 727 567 sententia
750 512 805 565 eut
830 504 870 567 de
892 504 957 566 suis
986 508 1083 573 rebus
1103 534 1190 596 pro-

130 588 286 670 fiteatur,
327 610 404 652 cum
443 588 586 673 quadam
620 584 843 652 affirmatione
871 587 1029 673 designet.
1093 598 1190 663 Vnde

134 672 349 754 factumest,
372 683 409 737 ut
431 671 586 760 equidem
607 672 677 736 fere
702 694 777 735 cum
803 674 910 759 prima
936 698 1075 761 persona
1096 683 1190 751 verbi

134 761 405 847 conjungeretur.
449 759 558 822 Latini
575 757 675 843 igitur
690 761 863 845 propriam
880 760 1043 827 habebant
1061 788 1191 848 vocem,

136 866 202 933 qua
212 844 389 932 loquentes
405 845 552 907 animum
574 846 662 919 eius,
686 844 743 929 qui
760 844 929 926 audiebat,
950 848 988 910 ad
1006 871 1099 915 suam
1116 874 1191 917 rem

135 952 274 997 suamve
295 931 493 995 sententiam
517 939 763 1002 converterent,
802 941 899 1015 atque
923 932 1124 1017 professioni
1149 938 1192 1003 de

135 1038 171 1085 sc
193 1014 302 1081 factae
326 1016 485 1080 adderent
508 1013 651 1101 pondus.
709 1014 810 1094 Quod
835 1037 937 1100 quum
961 1039 1038 1082 usus
1061 1023 1191 1087 stabili-

136 1104 258 1183 visset,
282 1101 423 1186 vulgaris
448 1100 564 1186 opinio
589 1100 713 1163 invenit
735 1103 1061 1187 interpretationem,
1089 1108 1193 1173 voca-

135 1186 257 1255 bulum
274 1208 345 1252 esse
358 1186 584 1272 compositum
609 1207 651 1247 ex
667 1208 731 1272 ego
749 1186 952 1285 etquidem,
984 1190 1096 1275 cique,
1123 1195 1193 1259 iam

137 1273 320 1361 antiquitus
337 1273 371 1337 in
389 1272 683 1359 grammaticorum
703 1271 889 1337 doctrinam
906 1285 1074 1360 receptae,
1096 1300 1192 1345 suam

137 1358 324 1425 dictionem
356 1358 532 1444 scriptores
562 1356 696 1454 quidam
725 1359 1033 1426 accommodarunt.
1083 1364 1193 1448 Atque

137 1442 277 1513 fuctum
291 1446 378 1508 inter
394 1452 532 1521 veteres,
550 1440 835 1541 quiequidemaut
846 1466 923 1507 raro
940 1456 996 1509 aut
1007 1468 1192 1535 numquam
1296 1444 1299 1449 ’

138 1552 218 1597 cum
238 1530 376 1614 reliquie
399 1527 491 1593 verbi
517 1548 670 1614 personae
694 1540 954 1615 componerente
996 1532 1050 1596 atii
1074 1554 1193 1617 recen·-

139 1618 241 1683 tiores
264 1615 421 1703 equidem
444 1636 507 1699 pro
536 1634 601 1677 erro
624 1612 761 1700 quidem
783 1636 908 1700 ponere
930 1614 1098 1683 solebant:
1138 1620 1193 1686 alii

117 1722 223 1771 -vcro
238 1723 304 1791 pro
324 1698 468 1787 simplici
488 1660 624 1785 quidem
646 1699 859 1784 usurpabant.
903 1700 996 1780 Quae
1020 1724 1122 1789 quum
1147 1705 1194 1771 ita

137 1790 227 1871 sint,
259 1787 369 1851 omnis
394 1784 541 1871 quaestio
572 1784 658 1849 redit
689 1786 729 1849 ad
759 1790 866 1849 usum
888 1787 1007 1871 cuique
1036 1791 1193 1877 scriptori
1283 1794 1288 1801 ’

136 1896 204 1965 pro
232 1874 338 1937 rium:
369 1891 477 1957 neque
496 1891 573 1934 vero
589 1892 767 1957 possumus
783 1874 931 1935 assentiri
945 1873 1113 1961 Bentlei0‚
1134 1876 1194 1973 qui

138 1960 179 2025 ed
237 1969 342 2023 erent.
366 1958 485 2021 Heaut.
507 1956 539 2035 4,
558 1963 588 2031 1,
611 1960 662 2019 19.
685 1967 718 2020 et
741 1955 782 2020 ad
806 1957 867 2021 Ad.
883 1959 916 2037 5,
932 1963 964 2036 3,
979 1965 1031 2029 65.
1061 1960 1192 2025 docutte

139 2044 299 2133 equidem
324 2064 400 2107 cum
426 2040 530 2107 verbo
552 2041 678 2127 primae
701 2063 864 2128 personae
887 2064 1019 2130 semper
1043 2046 1195 2113 iunctum

140 2152 212 2197 osec
230 2141 306 2195 ente
321 2128 464 2193 Neronis
487 2136 635 2191 aetatem.
678 2125 716 2189 In
739 2127 845 2191 Plauti
869 2128 1049 2196 comoediis
1075 2132 1196 2197 obser-

140 2219 214 2291 vavi
232 2215 423 2303 quindecim
440 2212 551 2291 locos,
573 2233 656 2297 qqos
669 2210 757 2275 infra
773 2234 952 2298 apponam.
984 2214 1021 2277 In
1032 2215 1193 2284 Terentio

139 2310 211 2367 tres
228 2300 296 2367 loci
312 2300 417 2364 adhuc
433 2307 582 2377 exstant,
612 2298 647 2361 in
670 2296 787 2382 quibus
808 2298 964 2383 particula
981 2322 1048 2363 non
1069 2303 1196 2389 primae
1243 2320 1250 2333 ‘

139 2408 303 2477 personae
320 2385 524 2471 adiungiturr
556 2381 612 2446 sed
628 2383 674 2445 utzi
691 2382 725 2446 hi
743 2406 761 2446 a
777 2384 896 2449 criticis
917 2396 992 2449 sunt
1009 2407 1098 2453 nuuc
1116 2410 1197 2453 cor-

138 2474 243 2555 recti,
284 2473 330 2535 ita
354 2472 388 2535 in
414 2470 503 2549 aliis,
541 2479 629 2532 certe
650 2468 684 2532 iu
708 2490 774 2532 uno
797 2468 872 2535 loco
897 2474 1104 2556 grammatici
1128 2474 1197 2539 ium

141 2580 285 2647 operam
302 2578 395 2620 suam
414 2555 651 2641 interposuisse
675 2554 836 2624 videntur.
879 2554 977 2621 Ennii
999 2566 1031 2620 et
1053 2556 1199 2627 aliorum

141 2644 456 2730 antiquissimorum
482 2648 658 2726 poetarum
678 2639 864 2727 fragmenta
887 2642 1014 2706 nullum
1038 2644 1199 2732 suppedi-

139 2727 426 2813 tantexemplum
442 2724 538 2790 huius
561 2725 731 2791 vocabulis
763 2749 823 2790 nec
842 2726 975 2795 Catonis
993 2728 1086 2795 libris
1117 2752 1199 2797 nam

142 2814 238 2901 quod
262 2813 422 2891 afferunt,
461 2810 579 2895 legitur
603 2810 637 2875 in
662 2811 745 2874 falsa
774 2813 955 2897 scriptione
984 2814 1024 2878 de
1054 2814 1198 2900 antiquis

140 2900 257 2967 ltaliae
286 2922 333 2986 po
362 2898 432 2961 ulis.
483 2898 589 2959 Varro
621 2895 656 2958 in
685 2896 777 2960 libris
802 2896 843 2961 de
873 2898 922 2963 Re
952 2899 1072 2963 rustica
1095 2901 1199 2965 semel

141 2984 233 3053 dixit
249 2922 423 3073 equidem,
447 2980 503 3046 sed
520 2981 708 3068 composuit
734 3004 810 3047 cum
832 2986 928 3048 tertia
951 3006 1091 3070 persona
1106 2986 1200 3051 verbi

144 3076 177 3147 1,
191 3074 227 3153 5,
245 3077 275 3139 1.
295 3093 392 3155 saepe
416 3077 526 3133 autem
549 3090 613 3153 ego
635 3088 711 3132 uero
728 3073 758 3147 1,
776 3073 807 3146 2,
827 3074 877 3132 13.
911 3075 939 3149 1,
957 3075 1036 3150 2,.1.
1067 3077 1099 3146 2,
1119 3076 1201 3147 2,9.

142 3167 178 3225 ct
194 3180 262 3245 ego
279 3153 428 3220 arbitror
445 3161 474 3227 1,
490 3157 543 3233 38,
562 3159 592 3218 2.
636 3152 673 3215 In
690 3152 782 3216 libris
799 3153 840 3217 de
855 3154 980 3241 Lingua
1000 3155 1097 3220 latina
1117 3178 1201 3221 ntes*

112 3264 249 3333 ,aquam
265 3241 404 3329 legitur,
427 3239 490 3302 nisi
513 3239 548 3302 in
569 3249 727 3324 corrupto
749 3238 826 3302 loco
852 3243 883 3318 8,
905 3242 959 3311 24.
991 3241 1046 3305 ubi
1070 3242 1201 3307 codices

192 3328 332 3393 ocbent:
363 3323 493 3412 etquid
511 3322 611 3391 uerlm
627 3323 753 3399 neseis,
784 3335 822 3387 ut
839 3325 934 3409 uqrrrd
948 3325 1024 3392 illas
1039 3328 1110 3393 siut
1125 3328 1202 3393 alic

205 3414 273 3489 ta,
297 3408 372 3477 ulia
394 3433 463 3479 nou
484 3409 538 3493 (al.
565 3410 643 3492 ue).·
667 3409 717 3472 sic
732 3420 814 3475 utre
831 3432 901 3475 esse
918 3412 1013 3497 uqrrad
1028 3436 1089 3479 uae
1104 3413 1201 3500 equi-

145 3498 233 3577 dem
255 3498 315 3579 (al.
342 3496 494 3584 quidem)
515 3519 585 3560 nau
614 3493 731 3559 dubito
756 3495 814 3581 qui
834 3497 1114 3564 animadvertunt
1144 3498 1203 3584 (el.

146 3582 508 3664 animadverterunt):
531 3583 614 3645 item
629 3580 667 3643 i'u
683 3603 761 3645 eum
775 3581 1058 3647 iumrmcrabilem
1073 3584 1202 3648 simili·

146 3668 307 3749 ffldimm
320 3688 517 3741 caramerum,
535 3678 572 3729 ut
589 3664 693 3729 trium
709 3668 1023 3765 temporumverbu,
1045 3681 1083 3737 ur
1097 3670 1203 3735 trium

143 3776 387 3845 persea-urum.
430 3751 500 3815 lam
514 3750 640 3837 Popma
656 3754 811 3816 coniecit:
834 3765 866 3816 et
877 3754 960 3839 quid
970 3753 1065 3820 uerbo
1080 3755 1201 3828 nescis,

147 3876 194 3893 ...
220 3840 272 3903 sio
293 3851 437 3925 utraque
462 3859 531 3901 esse
556 3835 651 3921 upred
673 3832 759 3904 uos?
787 3837 959 3924 Equidem
974 3860 1042 3903 erun
1064 3838 1204 3902 dubium

148 3926 225 4001 lais,
253 3925 312 4011 qui
333 3920 650 3989 unirnaduerteium
672 3933 734 3986 etc.
779 3924 876 3987 Certe
899 3946 939 3988 ex
959 3923 1116 3988 hocloco
1131 3944 1204 3986 non

149 4020 269 4101 potest
295 4006 537 4085 demonstrari,
575 4008 759 4072 Varronem
787 4009 949 4075 vocabulo
978 4009 1133 4097 equidem
1161 4027 1203 4071 ex

153 4096 302 4164 aliorum
331 4115 430 4169 more
459 4112 560 4157 usum
593 4114 673 4157 esse.
728 4094 899 4162 Ciceronis
931 4093 1205 4160 consuetudinem
