2618 4770
552 117 625 184 Ex.
992 116 1000 125 ”
1052 124 1117 189 6119

93 329 97 335 ,
139 273 227 328 mon
240 287 275 324 erc
288 271 394 339 animo,
415 278 509 343 patres
522 272 679 342 conscripti,
705 273 775 342 prot
792 274 883 345 tentio.
917 274 1114 337 TereniEuu.

137 348 258 422 1ζ2,95.
276 345 380 409 utinam
394 360 461 410 ictuc
472 358 581 410 aeolum
596 374 632 410 ex
647 356 734 408 animo
750 374 856 410 acuere
873 359 977 415 dicerem
992 348 995 357 ’
1013 362 1113 416 Comtt.

137 442 197 506 109,
211 441 236 492 4.
264 451 341 510 atque
358 444 385 494 id
402 444 501 494 sincere
519 444 591 495 dicat
606 451 632 495 ct
654 456 687 494 cx
709 443 807 494 anima.
843 442 900 495 cic.
923 446 1113 512 on.Fral1-.

135 524 226 592 1,1,5.
244 528 409 593 quomobrem
423 528 469 594 qui
479 534 554 596 potes
568 527 683 594 reperire
697 543 730 578 ex
745 545 773 578 ea
790 544 887 596 genere
901 529 1051 594 hominum,
1067 531 1115 598 oui

71 644 86 682 ⁴.
134 619 213 663 —te
233 619 320 662 autem
341 613 456 663 alienum
477 612 606 663 leominem
621 618 710 664 ament
725 629 757 663 ex
773 613 861 663 animo
877 630 909 664 ac
922 631 976 665 non
990 615 1031 665 sui
1044 633 1114 667 com-

135 697 208 748 modi
221 712 314 746 caussa
327 696 471 747 simulent?
488 696 521 746 de
537 696 599 748 Nat.
609 697 634 747 d.
650 694 727 767 2,(11,
742 694 800 747 168.
820 697 873 747 siue
887 714 919 748 ex
929 699 1056 750 animoid
1064 701 1112 765 fil,

134 782 189 834 sive
202 781 332 831 simulate.
368 781 537 834 Tenentur.
547 781 605 845 1,1,
620 779 662 832 41.
681 782 734 844 ille,
747 783 952 850 qrremlenefioio
965 784 1113 852 adiungas,

137 883 170 918 ex
185 866 273 917 animo
284 865 364 928 facit.
380 866 478 930 1111111.
494 863 519 929 4,
537 864 563 930 4,
578 863 621 917 55.
642 865 691 917 ubi
705 864 849 932 opponitur
864 867 895 916 cle
909 867 1043 919 industrio
1057 867 1076 920 i.
1086 884 1110 921 e.

137 967 199 1023 cum
222 949 335 1000 consilio
357 954 385 1002 et
407 955 476 1003 arte.
517 949 593 1002 Male
617 949 749 1017 explicuit
764 949 907 1004 Bentleius
922 949 1012 1015 1115,
1027 944 1053 1016 1,
1068 951 1111 1005 21.

135 1035 247 1088 Irucret.
267 1032 294 1096 3,
308 1031 367 1084 927.
713 1085 717 1097 p

170 1119 227 1171 Cic.
248 1118 281 1169 ad
295 1118 372 1169 Fam.
386 1116 429 1182 12,
437 1116 480 1169 21.
501 1118 574 1171 ouius
586 1118 636 1170 tibi
650 1120 778 1188 negotio,
799 1134 866 1187 quoe
885 1123 948 1170 sunt
963 1116 992 1167 in
1006 1116 1111 1182 Africa,

77 1198 80 1202 ’
96 1214 99 1218 ’
134 1203 175 1255 ita
191 1203 356 1265 commendo,
378 1209 408 1253 at
430 1204 530 1255 maiore
543 1205 630 1256 studio
646 1204 766 1272 magisve
781 1219 815 1254 ex
831 1201 919 1254 enirm
933 1200 1113 1254 commendare

136 1305 189 1340 non
201 1286 308 1355 possim.
343 1288 464 1338 Donatus
482 1287 516 1338 ad
530 1288 642 1340 Terent.
658 1288 708 1339 At.
726 1285 752 1352 5,
768 1285 794 1350 1,
808 1285 851 1339 21.
880 1302 913 1337 ex
929 1286 1017 1337 animo
1032 1284 1113 1336 alicui

130 1375 224 1439 fucere
240 1378 279 1422 cst
293 1371 321 1422 id
331 1373 424 1435 facere
462 1371 530 1438 procl
543 1372 588 1423 ille
602 1373 692 1424 animo
706 1388 754 1424 suo
768 1371 846 1434 uelit,
862 1378 910 1422 out
924 1377 993 1423 certo
1006 1387 1039 1421 cn
1053 1375 1112 1421 tota

48 1459 52 1469 ¹
132 1463 219 1509 mente
239 1461 393 1522 praestare,
428 1406 484 1506 1111
507 1457 694 1524 perfunctorie
728 1457 762 1507 cl.
788 1454 920 1508 Pricaeus
944 1453 980 1508 etl
1002 1451 1109 1522 Apulei.

133 1540 200 1592 stoc.
218 1536 320 1606 11521.
523 1604 526 1608 ⁸
1048 1540 1056 1604 Ἰ

171 1624 228 1676 Cio.
245 1622 280 1675 ad
293 1614 373 1675 Fam.
383 1621 426 1686 12,
441 1620 521 1687 115.
540 1624 601 1675 huic
615 1632 646 1677 tu
660 1626 727 1678 libro
740 1624 856 1679 monim
870 1623 949 1678 celin
962 1639 997 1678 cx
1011 1621 1110 1689 ammo,

135 1709 158 1762 si
172 1709 273 1783 minus,
297 1709 406 1777 gratioe
421 1725 515 1761 caussa
530 1710 687 1778 suffragere.
964 1718 968 1729 ¹

166 1811 259 1867 flaui.
270 1811 348 1863 Tria.
363 1811 389 1877 2,
403 1810 429 1876 3,
444 1811 469 1863 4.
488 1812 533 1878 qui
547 1813 615 1864 nileil
631 1814 724 1878 alioci,
741 1813 794 1865 nisi
804 1812 873 1880 quod
888 1809 940 1864 stoi
952 1809 1003 1862 soli
1014 1809 1110 1878 placet,

134 1898 247 1950 consulit
269 1899 409 1949 advorsum
424 1896 531 1962 fllium,
569 1912 659 1964 nugas
683 1898 759 1966 agit:
801 1897 880 1948 miser
904 1913 937 1948 ex
959 1894 1047 1948 animo
1063 1894 1112 1967 fii,¹

79 2008 81 2028 s
104 2028 107 2034 .
133 2000 152 2036 1.
172 2000 196 2034 e.
217 1998 291 2033 vere.

80 2113 82 2117 ·
148 2088 201 2148 28.
231 2083 288 2146 Ex
298 2101 450 2164 persono
472 2076 606 2153 dicitur,
627 2077 717 2163 quod
741 2078 884 2142 aliaeest
905 2080 943 2142 ia
962 2100 1110 2164 persono

63 2169 172 2268 etc-uli
186 2189 350 2314 prlsrsopa.
393 2163 449 2228 Em
472 2186 535 2227 sua
557 2187 707 2251 persono
729 2163 889 2250 significat
904 2164 956 2227 vel
970 2186 1029 2227 suo
1044 2185 1108 2226 no·

63 2279 157 2319 mene
180 2276 218 2317 ve
252 2275 281 2314 se
304 2276 327 2314 1.

167 2371 266 2422 Vellei.
281 2371 343 2421 Pal.
359 2367 384 2433 1,
399 2367 425 2435 3,
442 2368 469 2421 2.
495 2367 564 2420 nileil
579 2368 649 2421 enim
665 2386 698 2422 esc
711 2384 824 2440 persona
835 2375 945 2439 poetae,
960 2367 1005 2420 sed
1022 2364 1111 2418 omnia

132 2458 292 2519 sulcorum,
313 2454 359 2522 qui
373 2455 418 2506 ttto
432 2462 547 2522 tempore
560 2455 692 2520 aixerunt,
716 2454 848 2505 dixerunt.
882 2452 908 2506 3.
925 2466 988 2504 nom
1002 2466 1035 2503 ex
1046 2466 1111 2520 per-

136 2558 202 2592 sono
216 2546 309 2607 poetae
324 2546 349 2590 et
364 2539 432 2590 hono
448 2538 538 2590 urbtm
555 2546 580 2592 et
601 2541 729 2607 questam
744 2540 836 2590 lonum
847 2539 965 2590 colonias
978 2537 1011 2588 iis
1025 2533 1111 2588 nomi-

134 2625 211 2677 nibus
232 2626 365 2692 appellet,
389 2625 480 2692 quibus
500 2627 662 2677 occultantur
677 2631 763 2676 aetate
779 2624 841 2675 eius.
874 2616 1110 2686 11111111.3,1,14ο
1148 2613 1150 2617 ’

104 2737 110 2747 ·
134 2727 198 2761 nom
218 2709 355 2772 induciae,
380 2725 447 2776 quos
466 2711 578 2779 proprio
597 2710 701 2762 nornine
720 2708 910 2772 condixerant,
935 2723 967 2759 ex
983 2702 1157 2773 seniorecto}

130 2812 244 2862 persono
258 2794 422 2861 rumpebant.
1130 2776 1133 2781 ¹

172 2895 351 2948 Cicdelnv.
368 2893 394 2960 1,
412 2891 514 2957 11299.
540 2910 603 2945 narn
623 2898 680 2944 trem
701 2910 734 2946 ex
760 2901 809 2948 tua
826 2909 942 2962 persono
958 2903 1112 2962 mamerano

136 2981 235 3050 possis,
252 2986 296 3043 ut,
318 2979 382 3047 auid
402 2985 428 3029 et
443 2996 492 3046 quo
507 2978 619 3047 quidque
634 2979 688 3031 loeo
707 2979 821 3042 dixeris,
836 2979 989 3030 admoneus.

152 3086 205 3145 29.
231 3080 295 3143 Sed
311 3101 517 3164 quaeramus,
535 3079 651 3164 quibus
667 3079 788 3159 finibus
803 3079 857 3142 hio
872 3078 950 3141 usus
961 3083 1112 3141 coereea-

68 3170 134 3230 t'ur.
186 3165 270 3229 Nam
297 3165 502 3250 grammatici
528 3165 663 3245 docent,
708 3189 749 3231 ex
778 3165 893 3250 aliquo
927 3163 999 3226 loco
1030 3162 1112 3226 sim·

68 3251 199 3337 pliciter
228 3250 292 3313 dici
325 3271 387 3333 pro
419 3252 456 3314 in
488 3249 602 3337 alipio
626 3249 710 3317 loco.
762 3249 862 3330 Quod
884 3248 1024 3312 nimium
1054 3255 1113 3311 aut
1210 3258 1216 3273 ⁴

71 3335 192 3398 tusum
222 3346 280 3397 est.
323 3335 409 3397 Nam
434 3347 582 3400 oratores
615 3357 684 3398 non
721 3337 766 3399 ita
803 3330 1007 3420 loquuntur,
1034 3330 1112 3411 nisi,

71 3429 109 3483 ut
139 3419 202 3481 iam
232 3419 472 3498 demonstravi,
513 3422 597 3485 actio
631 3421 823 3508 intelligitur
853 3419 1001 3483 alicunde
1030 3439 1111 3506 pro·

69 3505 183 3583 diens,
206 3525 248 3567 cx
270 3505 379 3588 aliquo
400 3504 477 3568 loco
501 3507 537 3571 in
560 3505 661 3570 alium
683 3506 797 3570 locum
818 3526 986 3569 conversa.
1030 3505 1110 3583 Quo

69 3592 170 3655 stiam
193 3611 247 3670 ea,
286 3611 369 3674 quae
399 3611 499 3675 supra
523 3587 622 3678 posui
630 3617 651 3674 ,·
685 3589 808 3655 crudire
831 3613 871 3654 ex
896 3589 1010 3676 aliquo
1039 3588 1112 3650 loco
1142 3670 1143 3674 Ἰ

70 3677 249 3762 pertinent.
292 3676 408 3739 Poetae
431 3687 540 3739 autem
555 3678 620 3740 hoe
643 3677 745 3741 modo
766 3675 930 3740 interdum
953 3674 1113 3738 etiamen

71 3762 238 3843 formant,
269 3762 409 3846 quaein
434 3761 508 3847 ipso
533 3762 693 3826 suoloco
721 3771 872 3850 aguntur.
917 3760 952 3824 Si
975 3780 1053 3822 vero
1078 3756 1114 3819 in

15 3862 19 3867 ’
74 3847 268 3932 quibusdam
291 3846 488 3911 dictionibus
508 3869 549 3910 ex
572 3868 634 3932 pro
660 3848 698 3912 in
718 3846 806 3936 apud
829 3847 910 3910 alios
938 3845 1114 3929 scriptores

10 3994 13 3999 .
72 3936 269 4028 reperitur,‘
288 3942 454 3999 contracta
480 3943 530 4001 ost
553 3932 658 3999 oratio
688 3944 721 4029 et
752 3929 1024 4017 breviloquentia.
1064 3927 1115 3992 De
1183 3997 1186 4001 ,
