2618 4770
552 281 677 351 nutu.
1078 290 1141 369 401

109 434 189 503 siuti
199 430 307 525 falsu
323 434 415 499 enim
429 445 485 501 est
498 438 652 587 parreia.
696 437 852 505 Ceterum
872 458 936 528 per
959 465 996 509 se
1019 445 1143 515 intent·

109 532 196 603 tur,
219 542 280 587 cur
297 543 368 585 nen
383 521 478 585 idem
524 535 557 587 at
573 525 609 589 in
629 522 772 611 obliquis
788 524 908 593 formis
928 531 1141 616 coniunctim,

109 618 218 673 staur
234 612 350 681 omnia
366 608 519 694 exempla
533 610 667 677 tertiam
683 612 864 698 praesentis
880 611 1029 680 formam
1049 620 1143 686 verbi
1192 654 1197 661 ·

109 692 281 761 thibeant.
331 691 488 780 Reliquae
512 697 603 760 enim
631 695 764 762 formae
788 698 852 762 nisi
875 698 910 763 in
936 701 1044 766 verbis
1070 727 1142 771 non

109 779 316 859 sternendis,
350 789 387 843 ut
413 788 463 844 est
484 783 618 867 negatio
646 806 732 863 non,
764 804 949 882 numquam
973 787 1019 853 ita
1041 810 1142 855 usur-

109 876 231 933 antura
255 876 289 930 et
301 886 345 928 ne
361 863 498 951 pluralis
516 868 651 954 quidem
666 877 763 950 aunt,
779 870 843 934 nisi
856 873 1008 954 incertis,
1029 882 1142 943 tamea

109 974 157 1018 ‚on
172 950 291 1017 multis
306 949 503 1015 testimoniis
526 951 755 1017 confirmatur.
797 956 905 1041 Atque
921 956 956 1020 in
973 959 1075 1025 verbo
1091 972 1143 1027 eat
1200 994 1205 1002 ·

109 1060 142 1104 ae
167 1038 386 1123 ascriptores
405 1047 544 1102 utuntur
561 1061 597 1102 ca
611 1039 783 1120 libertate,
815 1061 898 1124 qua,
931 1052 969 1105 ut
982 1064 1049 1111 una
1063 1068 1142 1112 sen-

109 1060 192 1189 eniia
215 1124 361 1187 diversae
389 1123 513 1187 rationi
535 1125 764 1201 submittatur,
804 1125 1003 1213 diversoque
1024 1132 1144 1217 modo,

109 1230 159 1299 [uo
173 1208 307 1285 lubeat,
332 1210 559 1296 exprimatur,
578 1209 787 1277 meditationi
803 1212 1007 1278 conceditur.

194 1351 318 1418 mussa,
343 1365 426 1421 quam
442 1349 507 1406 Otto
524 1351 554 1406 in
567 1353 704 1409 suavitate
720 1352 848 1409 arctioris
864 1353 1064 1410 coniurationia
1078 1374 1144 1413 ver-

109 1472 116 1497 .
157 1436 260 1497 borum
277 1436 438 1506 cognovisse
451 1455 482 1491 sa
496 1444 590 1506 putat,
612 1454 666 1492 non
689 1437 871 1509 perspicitur,
898 1456 1015 1494 curnon
1030 1440 1066 1494 ad
1078 1445 1146 1497 snb-

155 1520 230 1581 isan
254 1539 353 1576 nomen
377 1522 461 1575 etiam
484 1524 628 1592 pertineat.
665 1523 829 1578 observatio
853 1529 963 1591 autem,
994 1540 1077 1594 quam
1098 1527 1144 1580 vir

160 1608 258 1665 laetus
278 1607 308 1661 in
327 1606 475 1676 Ephemer.
494 1610 623 1663 scholast.
637 1607 715 1662 tant.
729 1624 756 1660 n.
771 1606 815 1662 26.
828 1627 857 1679 p.
873 1609 934 1664 294.
953 1608 1036 1677 iecit,
1066 1612 1145 1681 quasi

149 1694 263 1769 ¹(licere
279 1709 384 1763 genera
398 1693 539 1745 nominum
554 1692 769 1758 distinxerit,·et
784 1694 841 1763 qais
855 1694 924 1748 enim
937 1702 992 1762 cst,
1016 1694 1064 1749 sed
1077 1716 1145 1766 puae

156 1786 201 1835 est
214 1780 286 1834 enine
300 1782 329 1831 et
350 1778 471 1846 quidest
491 1779 560 1830 asim
582 1777 699 1844 dixerit,
724 1777 800 1831 omni
821 1778 929 1833 ratione
945 1779 1102 1835 destituitur
1117 1787 1146 1835 ct

157 1866 266 1921 &sone
280 1868 329 1917 est
368 1862 536 1916 Goerenains
552 1863 587 1917 ad
601 1865 660 1918 Cic.
679 1862 713 1914 de
728 1863 795 1932 Lag.
806 1861 833 1929 1,
850 1863 894 1930 12,
908 1864 952 1919 tt.
976 1865 1060 1935 ‚prid
1076 1867 1146 1919 enim

159 1956 218 2015 est,
238 1947 343 2017 inquit,
369 1947 428 2001 vim
447 1949 533 2001 habet
550 1946 580 1999 in
600 1947 737 2018 particula
757 1947 894 2002 rationem
915 1949 1079 2018 simpliciter
1102 1949 1146 2003 ia-

159 2033 290 2089 dicsntes
320 2033 350 2085 in
370 2033 434 2101 quid
455 2041 493 2086 est
508 2034 578 2086 caim
597 2034 698 2086 haeret
720 2032 851 2086 canusia
873 2040 928 2099 cet,
952 2041 980 2087 et
1001 2033 1155 2103 rogatione

127 2144 132 2151 ·
158 2118 276 2177 {ublate
290 2118 438 2170 attalanae
453 2120 610 2171 estnotat.“
643 2117 721 2171 Idem
734 2119 769 2170 ud
785 2118 844 2170 cic.
864 2118 898 2171 dc
914 2117 1098 2183 rimante.
1118 2125 1147 2175 et

162 2202 346 2269 01111243.
366 2205 429 2256 Hoc
444 2203 518 2256 ridet
529 2204 646 2257 Beierus
663 2202 698 2254 ad
713 2201 773 2256 cia.
786 2202 821 2254 de
837 2203 890 2256 Off.
899 2203 924 2268 1,
934 2202 960 2268 ὃ,
970 2202 996 2254 9.
1022 2208 1050 2255 et
1062 2211 1148 2274 negat

113 2348 117 2357 Ι
157 2288 319 2353 Ellendtius
341 2304 439 2340 verum
462 2305 529 2341 esse.
573 2287 680 2341 Tamen
704 2300 738 2338 ex
760 2290 840 2354 parte
862 2287 956 2355 aliqua
976 2302 1074 2339 rerum
1096 2296 1146 2345 eet.

122 2428 125 2435 ,
151 2372 283 2443 ’Βείοτυι
296 2371 351 2439 ait,
369 2372 399 2425 in
413 2371 458 2424 his
474 2371 528 2425 sibi
543 2378 668 2426 constare
680 2384 760 2423 usum
770 2370 913 2437 loquendi,
932 2375 978 2435 ut,
996 2371 1148 2438 praemissu
1259 2422 1262 2427 .

110 2524 114 2531 ¹
137 2458 370 2523 ,.cuninnctione‚
397 2458 617 2528 monosyllabum
640 2455 756 2508 verbum
779 2453 977 2508 substantivum
995 2471 1048 2507 non
1063 2455 1149 2523 possit

159 2544 279 2601 tertium
299 2560 434 2612 occupare
455 2544 562 2606 locum,
591 2538 645 2593 nisi
670 2540 700 2593 in
718 2538 885 2610 parenthesi.
930 2541 972 2592 De
989 2540 1149 2608 parenthesi

109 2672 111 2679 .
164 2628 288 2692 dubitari
309 2629 407 2681 decet:
434 2634 462 2683 at
481 2628 621 2697 reliquum
642 2630 821 2694 praeceptum
843 2628 885 2676 est
904 2623 1014 2678 falsum.
1059 2627 1148 2680 (iern-

117 2732 135 2783 ·.''
161 2698 270 2771 husius
293 2711 327 2766 ad
350 2712 428 2765 Lael.
441 2711 467 2778 5,
484 2712 526 2765 lt.
559 2713 594 2765 dc
625 2725 721 2764 caussa
746 2726 898 2779 quaerens,
920 2710 1083 2763 Ciceronem
1107 2713 1149 2766 ita

120 2792 130 2809 “
157 2807 315 2871 propterea
330 2796 432 2850 dixisse
449 2796 603 2861 existimat,
619 2794 690 2864 quod
707 2795 864 2864 ipsumhoc
878 2797 994 2848 verbum
1008 2786 1062 2848 nan
1076 2798 1149 2850 mul-

161 2874 226 2939 tum
252 2884 374 2947 abesset,
409 2880 475 2951 quin
496 2900 605 2952 prorsus
626 2879 717 2933 omitti
740 2885 846 2948 posset,
879 2886 907 2934 et
931 2880 1054 2935 iunctum
1078 2888 1150 2937 esset

161 2967 322 3023 uerissime
336 2967 442 3036 primae
456 2966 564 3035 periodi
576 2964 647 3018 voci.
685 2960 758 3019 Tum
775 2963 919 3033 distinguit
934 2983 986 3031 ea,
1005 2965 1035 3017 in
1051 2966 1150 3039 quibus

164 3054 241 3109 onius
253 3070 307 3105 non
322 3052 356 3108 ad
370 3058 456 3105 totam
473 3049 695 3116 enuntiationem,
713 3050 762 3107 sed
776 3048 905 3104 adunam
919 3050 1038 3119 primam
1053 3068 1150 3105 vocem

109 3136 111 3141 '
163 3136 305 3213 pertinet,
332 3144 380 3193 sut
401 3137 508 3211 primae
527 3135 604 3191 vocis
625 3136 704 3191 nulia
718 3150 783 3189 cum
796 3134 882 3191 rerba
900 3133 1069 3191 substantive
1084 3153 1149 3191 com

163 3221 273 3279 iunctio
288 3227 338 3277 est.

109 3390 111 3395 Ι
139 3380 142 3385 ,
202 3326 340 3395 Exempla
355 3323 501 3379 admodum
519 3322 608 3379 multe
625 3322 799 3395 collegerunt
811 3320 978 3401 Sphaaierus
994 3327 1024 3378 et
1037 3324 1150 3379 Ellend⁴

126 3476 129 3481 ¹
164 3410 240 3467 tim:
262 3410 311 3465 sed
332 3410 446 3464 rationis
467 3410 631 3464 necessitate
650 3410 790 3479 exposita,
816 3425 900 3463 unrnn
914 3409 1018 3462 sufficit
1034 3426 1067 3461 ex
1082 3429 1150 3480 quo-

113 3484 133 3551 .’
162 3512 290 3574 cumque
305 3514 407 3567 genere
422 3497 612 3549 formularum.
648 3496 706 3551 Cic.
721 3496 755 3547 de
775 3494 837 3548 Nat.
860 3493 885 3546 d.
900 3493 925 3559 2,
940 3491 984 3558 ini,
999 3492 1059 3547 133.
1078 3497 1151 3549 ratic

121 3628 136 3645 ,.
192 3648 197 3653 ¹
212 3583 309 3648 tanim,
338 3600 406 3651 qaae
418 3589 539 3652 praestat
558 3583 685 3635 amnites.
720 3581 797 3633 Oret.
812 3576 857 3643 59,
872 3577 931 3631 169.
955 3578 1016 3646 pius
1030 3585 1069 3632 ast
1081 3581 1151 3632 enias

129 3666 134 3701 -·
187 3656 301 3737 mata
317 3674 342 3721 a
362 3668 393 3718 a.
414 3667 548 3719 tentatae
563 3668 631 3720 aar.
665 3664 721 3718 vta.
737 3661 1045 3717 acernaacerna.
1061 3681 1087 3731 p.
1106 3662 1149 3716 aa

169 3748 275 3817 Ginaia
289 3747 332 3803 Re
348 3769 375 3821 p.
384 3750 411 3816 2,
420 3750 464 3813 21,
473 3746 516 3803 di.
534 3751 701 3820 perspicuum
717 3750 854 3811 ostentm,
870 3751 971 3817 quanta
987 3740 1015 3797 ia
1031 3749 1151 3817 singutas

126 3868 130 3875 ·
167 3836 248 3907 sagei
268 3854 358 3889 rerum
382 3837 510 3887 denarum
532 3840 559 3887 et
578 3834 685 3901 utilium
702 3836 759 3902 flat
781 3834 901 3887 accessio.
937 3829 1032 3895 0ff.1‚
1049 3831 1091 3895 19,
1107 3831 1150 3883 ut.

167 3922 275 3973 nudam
288 3927 326 3974 est
339 3920 410 3983 enim
424 3925 541 3988 tempus,
558 3920 628 3997 quad
640 3922 693 3979 etc.
717 3920 751 3972 de
767 3912 844 3971 Orat.
857 3916 884 3981 2,
901 3910 944 3979 44,
958 3913 1017 3967 183.
1039 3916 1151 3981 facilius

169 4012 212 4057 cst
225 4000 296 4058 enim
312 4011 460 4058 currentem
476 4002 597 4055 iaciture.
633 3998 789 4068 1,28,129.
806 3996 877 4054 atati
895 4007 934 4055 att
948 4001 1017 4051 caim
1033 4008 1089 4053 tum
1108 4001 1150 4049 in-

170 4090 251 4163 signe
264 4118 300 4133 ·-
316 4107 397 4163 quum
417 4087 464 4155 id,
486 4086 517 4140 ia
529 4102 579 4161 pua
598 4086 702 4157 aiipuid
724 4080 873 4157 offenderis.
892 4101 919 4152 p.
934 4083 1030 4153 Isigar.
1047 4082 1091 4148 12,
1106 4081 1151 4135 37.
