2618 4770
130 235 153 296 2
427 286 433 295 ,
512 222 664 327 ΒΑΒΑΕ.
706 224 805 296 ΒΑΤ.

131 382 241 452 tatas
253 374 427 477 hilaritatis
443 386 493 443 est
508 376 726 465 exclamatio,
746 392 784 446 ut
797 386 831 467 8,
848 388 879 466 1,
896 383 1095 476 aa'papae.
1121 391 1187 457 Ni·
1199 354 1215 367 Ἰ

131 472 180 537 hil
201 469 302 553 igitur
325 461 484 529 differunt
506 463 569 528 hae
592 486 711 549 voces,
730 468 794 533 nisi
816 473 979 560 scriptura
1002 475 1188 543 admodum
1204 456 1225 493 ’ἦ

132 554 247 628 dubia,
280 549 377 615 sicuti
399 549 561 613 Lucienus
592 550 699 615 verbis
729 557 826 619 παπαὶ
858 557 992 635 nancta}
1023 564 1214 659 expressit,

130 634 360 727 Aristophanis
383 636 476 717 βαβαὶ
499 631 639 718 βαβαιάξ.
683 637 752 703 Nea
776 641 887 706 minus
914 646 949 707 in
973 644 1078 710 Stichi
1100 647 1187 712 locis

129 747 232 791 unam
247 722 448 870 scripturam
464 721 673 804 admiserim,
704 746 804 810 quam
829 727 862 790 in
884 729 1021 810 Casina,
1043 728 1101 795 ubi
1126 755 1186 797 co-

130 811 218 876 dices
259 829 314 872 rae
339 816 395 870 ent
409 827 539 892 papae.
584 807 656 873 Hoc
681 807 801 896 legitur
815 811 850 876 iu
874 813 979 878 Plaut.
1006 817 1080 880 Cas.
1096 820 1137 900 5,
1153 824 1186 899 2,
1213 868 1221 881 ..

129 902 184 963 26.
225 830 508 981 lipianum.
550 891 670 977 Bacch.
693 900 865 977 2,2,29.
906 899 994 966 Rud.
1019 902 1184 981 5,2‚as.
1221 910 1225 919 '

129 983 235 1049 Truc.
254 985 294 1062 2,
312 981 350 1057 6,
370 980 424 1040 26.
451 998 512 1042 nea
533 985 663 1042 tantum
688 978 729 1043 de
750 980 835 1046 laeta
862 1004 917 1065 re,
931 984 1001 1063 sed
1026 986 1125 1051 etiam
1147 988 1184 1053 iu
1215 1004 1225 1049 ,ἰ

129 1086 269 1156 magnae
285 1059 334 1127 rei
352 1061 579 1128 admiratione.
622 1063 713 1129 Meu.
730 1066 761 1143 5,
777 1068 809 1148 5,
826 1071 880 1132 20.
900 1064 1040 1156 papae,
1063 1072 1183 1143 andin'
1221 1094 1224 1109 ¹

128 1166 184 1231 ta,
206 1160 245 1215 nt
260 1148 491 1214 deliramenta
513 1149 670 1237 loquitar.
714 1150 811 1239 Apud
825 1153 856 1216 T
858 1157 1021 1221 orontium
1039 1158 1185 1223 occurrit
1217 1170 1224 1211 3¹

128 1260 201 1307 non
217 1236 339 1301 nisiin
362 1232 544 1313 Eunucho,
570 1238 741 1314 2,1‚·23.
786 1245 825 1319 2,
850 1245 891 1322 2,
916 1241 969 1305 48.
1001 1244 1181 1324 ·2,3,25.

128 1330 169 1407 3,
187 1328 226 1403 1,
248 1325 302 1387 26.
351 1319 523 1382 Petronius
542 1323 595 1382 37.
609 1314 759 1405 familia
783 1346 884 1405 vero,
903 1323 1034 1391 dadae!
1053 1325 1183 1394 babae!

128 1431 198 1475 non
214 1430 273 1471 mc
280 1403 440 1472 Hercules
449 1414 538 1488 pata
553 1402 734 1468 decumam
740 1420 883 1492 partem
900 1434 989 1496 esse,
1012 1435 1098 1502 qnae
1114 1413 1182 1479 do.
1214 1394 1224 1465 l

129 1496 261 1562 minam
277 1509 374 1554 saum
390 1490 494 1553 norit.

242 1617 385 1688 Seyffertus
400 1615 430 1669 in
449 1616 571 1670 Gromm.
596 1616 630 1671 Τ.
645 1618 672 1672 2.
692 1635 719 1686 p.
735 1614 796 1671 299.
818 1617 884 1671 lmic
901 1620 1056 1688 particulae
1069 1624 1181 1693 ¹tribuit

201 1702 412 1760 admirationem
441 1718 503 1754 oum
524 1702 655 1770 despectu
678 1703 864 1770 coniunctam,
897 1707 973 1760 nullo
1005 1716 1178 1776 argumenta.

197 1788 276 1843 Idem
291 1787 363 1857 quod
376 1784 466 1850 addit,
484 1803 572 1854 papae
590 1787 663 1856 apud
685 1794 793 1841 veteres
808 1788 957 1857 scriptores
978 1791 1098 1860 primam
1123 1795 1180 1864 syl-

198 1875 292 1928 labam
315 1871 419 1925 haltere
445 1870 576 1936 brevem,
611 1872 684 1940 apud
704 1872 872 1925 recentiores
901 1875 1035 1944 longam,
1063 1877 1180 1944 ideoque

198 1957 283 2012 etiam
301 1956 332 2011 ia
345 1957 430 2011 latae
442 1953 590 2023 ancipitem
601 1971 661 2021 esso
672 1959 807 2026 vocalem,
825 1975 877 2013 uon
894 1961 1023 2028 probavit
1035 1960 1178 2031 exemplis.

578 2164 719 2263 BAT.

212 2354 343 2420 Plautus
376 2352 489 2418 Pseud.
514 2358 549 2427 1,
572 2358 612 2434 3,
634 2352 666 2420 5.
715 2370 767 2418 rs.
803 2357 944 2422 Mittam
967 2352 1072 2421 laodic
1096 2355 1177 2420 lania

128 2460 189 2506 atto
206 2441 265 2505 alie
277 2439 393 2505 natali
405 2438 537 2503 malam
549 2457 623 2503 rem
642 2455 702 2503 ma
728 2453 866 2504 namet
888 2450 1076 2504 maturam.
1120 2458 1178 2505 cn.

132 2524 227 2608 Quid
241 2546 324 2612 opus
341 2522 418 2589 est?
455 2541 506 2588 Pa.
549 2524 653 2589 Potin
673 2462 782 2588 alam
808 2546 880 2589 rem
898 2536 936 2588 ut
960 2522 1082 2588 cares?
1123 2543 1178 2590 cA.

41 2668 43 2673 .
129 2613 189 2678 At.
222 2627 273 2675 Pa.
296 2610 381 2674 Bat.
412 2627 466 2674 cn.
491 2606 643 2673 Crracicr.
685 2626 737 2673 rs.
760 2608 828 2674 Cor
845 2609 946 2674 dura.
988 2609 1029 2673 In
1048 2607 1101 2673 his
1117 2607 1178 2674 lat

127 2719 198 2762 non
214 2698 381 2780 integrum
395 2694 534 2759 verbum
549 2714 620 2758 esse
636 2692 779 2770 videtur,
801 2695 859 2759 sed
880 2695 1019 2759 ridicula
1038 2716 1177 2759 conver·

128 2783 179 2849 sio
210 2779 429 2846 antecedentis
453 2792 503 2844 at.
553 2779 683 2844 Tamen
706 2780 873 2845 Charisius
902 2803 938 2867 p.
960 2785 1035 2845 213.
1077 2780 1178 2844 Bar.

127 2889 230 2932 sames
247 2889 287 2929 ex
303 2888 361 2929 ore
379 2862 560 2929 cornicinis
575 2864 698 2928 lituum
712 2866 910 2945 aerimantia,
932 2877 971 2930 at
990 2864 1177 2930 Caesellius

133 2950 273 3016 Vindex
297 2949 355 3014 lib.
369 2948 404 3014 B
424 2950 561 3014 litterae
573 2948 715 3034 scribit.
739 2948 781 3013 V
776 2951 861 3016 titur
870 2951 989 3017 Plana.
1004 2950 1042 3015 ia
1049 2947 1177 3015 Pseud.

128 3037 216 3103 Haec
232 3035 372 3100 Bothius
393 3034 524 3099 confert
540 3055 617 3098 cum
638 3034 690 3100 fra
713 3037 816 3102 menti
838 3035 966 3122 verbis²
987 3058 1070 3122 quae
1089 3033 1191 3121 apud·

128 3120 316 3187 Charisium
335 3141 370 3206 p.
380 3123 455 3183 216.
468 3119 652 3205 leguntur·
722 3133 799 3186 uta
817 3119 956 3186 hotta.
970 3119 1177 3185 haecPlaa·

128 3217 183 3272 tus
196 3205 390 3293 pronihilo
414 3215 447 3269 et
456 3225 524 3290 pra
540 3205 644 3293 aragia
658 3207 795 3291 posuit,
817 3217 856 3270 ut
876 3206 914 3270 ia
933 3203 1061 3292 glossis
1085 3213 1177 3269 vete·

127 3314 224 3359 rums
246 3289 321 3355 bat
342 3300 410 3354 tat
431 3289 483 3370 ti,
496 3288 628 3378 flectas
643 3290 786 3378 quidam
803 3303 837 3355 et
851 3309 952 3354 sanas
967 3288 1057 3354 accis
1071 3285 1176 3377 effoc-

127 3377 312 3456 minatior‚
337 3386 376 3439 ut
391 3397 462 3440 case
480 3375 518 3440 in
535 3376 646 3442 sacris
664 3396 936 3462 anagmenarum
952 3395 1067 3439 vocam
1083 3385 1176 3439 acte-

126 3484 205 3530 rum
228 3461 397 3548 interpres
423 3459 552 3526 scribit.
609 3460 663 3525 lta
684 3458 987 3547 interpungendum
1014 3469 1080 3525 est:
1115 3455 1176 3521 sed

127 3570 219 3636 quae·
243 3547 311 3610 sint
339 3568 428 3614 saara
457 3565 733 3632 anagmenorum‚
766 3567 837 3609 non
867 3545 981 3631 liquet.
1036 3541 1176 3610 Mcursii

127 3633 356 3698 admonitione
370 3641 467 3712 utor,
489 3653 593 3718 qaum
609 3631 741 3718 corrigo
766 3630 804 3694 in
827 3631 936 3695 sacris
957 3650 1175 3697 anaxamen-

127 3719 174 3783 tis
188 3717 339 3782 eleanam.
360 3739 438 3780 nam
461 3716 590 3802 glossae
613 3715 753 3779 habente
777 3727 952 3799 onerant,
982 3711 1174 3795 ὀνομάζουσι,

128 3813 161 3871 at
176 3802 276 3868 verba
298 3802 336 3866 in
360 3801 532 3866 aniaeraos
549 3801 703 3865 homines
720 3800 808 3888 apud
826 3801 956 3868 Festum
974 3800 1012 3867 in
1035 3822 1067 3866 v.
1084 3823 1175 3866 aaa·

126 3899 255 3956 naara·
268 3895 424 3973 corrupta
446 3889 534 3949 suut.
582 3884 697 3951 Festus
721 3887 837 3952 etiamr
861 3882 1055 3952 batratano
1085 3885 1123 3972 (i.
1143 3907 1174 3950 e.

127 3973 171 4039 ba
186 3971 298 4039 tn'bat
315 3974 373 4053 to)
413 3967 565 4036 Naevius
578 3992 644 4057 pro
662 3974 858 4060 nugatoriis
871 3970 1011 4057 posuit,
1041 3972 1105 4036 lace
1124 3978 1175 4034 est

126 4059 255 4127 callim
271 4052 499 4145 dignationis.
539 4056 606 4124 Has
629 4078 725 4128 voces
740 4080 814 4126 non
827 4056 990 4148 pueriles,
1009 4068 1048 4121 nt
1070 4055 1175 4126 Scali-
