2618 4770
30 27 42 327 l
247 224 254 233 ⁵
458 266 685 352 cnrnnvn.
719 292 722 297 ·
1061 282 1101 361 s'1

10 408 32 531 ζ’
69 460 251 535 quemquam
279 439 438 530 corrupte
456 438 563 507 verbs
592 440 749 526 leguntur
777 436 812 506 in
833 424 988 531 plurimis
1010 444 1103 513 libris

66 531 153 597 resim
165 526 369 617 deessem,
389 526 446 592 sed
463 527 498 590 in
514 526 590 593 cod.
606 526 708 616 guelf.
725 526 909 594 dsiscento.

21 638 26 723 l
133 637 192 705 sed
238 661 283 721 ro
306 640 430 705 cossim
445 630 545 703 etism
568 638 680 703 coxim
703 637 882 706 dicebatur.
925 640 1012 707 Nam
1030 642 1103 710 No·

20 736 23 759 ³
70 724 124 789 niu
136 730 151 791 1
164 660 269 805 „tin
292 725 414 791 cossim
430 720 560 789 dictum
575 725 676 813 qumi
689 727 811 791 coxim.
828 726 950 815 Pomp.
967 728 1103 796 Porcu-

68 810 120 876 n'a:
137 810 265 876 Sciunt
286 812 489 886 doceminor,
507 822 674 897 qitantum
692 824 752 889 est,
776 813 834 900 qui
848 815 972 878 cossim
987 830 1101 884 cacat.
1161 890 1164 896 ,

65 897 255 985 etApuleius
271 897 353 962 Met.
372 902 404 963 8.
425 921 460 984 p.
479 900 551 961 129.
572 895 775 982 complicitis
799 897 943 986 denique
952 900 1101 987 pedibus

15 1052 18 1065 ¹
62 1005 91 1047 uc
99 982 277 1070 palmulis
292 982 332 1048 in
347 982 501 1049 alternas
518 980 713 1067 digitorum
728 982 978 1051 vicissitudines
1000 1008 1102 1077 super
1133 1032 1136 1037 -

14 1068 19 1101 ²
78 1090 160 1135 enno
177 1068 360 1151 connexis,
381 1068 431 1134 sic
444 1063 636 1155 grabatum
657 1065 769 1132 coxim
785 1067 939 1136 insidens
956 1071 1103 1139 ubertim

13 1114 20 1271 l
59 1090 184 1241 lebam
209 1155 302 1243 quod
342 1175 423 1219 uum
442 1151 678 1239 explicuissent
693 1153 735 1218 de
749 1154 886 1242 pedibus
902 1156 937 1222 in
959 1160 1103 1227 modum

59 1249 215 1305 sartorum
233 1263 335 1327 comp
348 1240 450 1318 icitis,
472 1248 634 1327 negarunt
646 1238 704 1307 lib.
721 1243 753 1304 2.
771 1262 807 1327 Ρ.
828 1246 908 1323 122,
927 1247 977 1308 17.
1000 1242 1102 1325 scribi

12 1276 18 1401 l
60 1347 143 1413 posse
159 1348 199 1389 su
230 1348 268 1390 er
293 1325 510 1400 mecossim,
534 1344 593 1387 seu
609 1322 747 1406 cessim,
767 1326 939 1411 residens,
960 1328 1018 1394 ubi
1043 1355 1101 1397 co-

60 1414 132 1477 dices
152 1347 283 1477 halent
305 1409 449 1475 sensim:
482 1419 515 1473 ut
534 1410 668 1495 negotio
692 1411 746 1475 isti
774 1412 912 1478 Veneris
937 1415 1101 1500 pendulae

60 1497 128 1562 illdd
142 1497 230 1563 bene
245 1496 423 1563 convenire
439 1492 586 1560 videtur:
614 1518 692 1561 nsm
711 1498 835 1561 cossim
852 1499 1011 1587 significat
1037 1526 1101 1568 oa-

60 1584 188 1660 ricntus,
207 1593 247 1647 ut
262 1582 347 1649 bene
359 1582 441 1647 vidit
457 1580 603 1667 Scaliger
615 1582 650 1646 in
666 1582 754 1647 notis
770 1584 810 1648 ud
826 1582 959 1651 Festum
975 1610 1011 1675 p.
1025 1594 1100 1655 110.

61 1669 125 1735 edit.
146 1670 267 1735 Ducer.
311 1668 441 1766 Reliqui
458 1667 642 1735 docuerunt
666 1669 778 1732 cossim
801 1693 871 1736 esse
893 1671 982 1737 idem
1009 1674 1101 1760 quod

59 1755 89 1819 in
101 1748 230 1821 conns.¹
258 1754 299 1819 In
319 1754 449 1819 Comici
465 1751 583 1841 fragm·
602 1754 692 1839 quod
708 1754 803 1820 affert
819 1756 1039 1847 Oudendorp.
1056 1759 1099 1826 sd

58 1842 176 1929 Apulei.
197 1840 242 1907 Τ.
260 1848 289 1906 1.
312 1864 347 1940 p.
366 1846 438 1906 132.
461 1849 617 1904 coeuntes
640 1840 783 1905 sinuant
806 1843 929 1907 cossim
943 1842 1096 1932 femina.

10 1946 12 1975 ⁵
59 1926 154 1993 Etiam
172 1928 231 2014 qui
247 1925 385 2015 pedibus
401 1923 515 1991 infima
529 1935 623 2013 purte
646 1926 839 2013 complicitis
857 1928 965 2011 sedet,
986 1930 1099 1995 cossim

59 2012 162 2080 sedere
182 2013 250 2078 dici
272 2006 401 2100 p'otest,
431 2011 585 2077 distructo
605 2013 768 2099 superiori
789 2024 902 2100 perte,
950 2017 1015 2080 uod
1040 2027 1100 2101 est,

60 2098 196 2166 distentis
211 2101 317 2164 coxis.
361 2097 425 2178 Sed
442 2096 553 2162 cossim
567 2118 637 2161 non
653 2097 693 2162 fit
712 2120 753 2162 ex
769 2122 874 2178 coxo,
893 2039 1099 2167 3321111111-
1120 2176 1122 2181 ,

61 2207 113 2271 qne
133 2186 275 2251 verbum
292 2183 502 2255 (1111311113,
518 2205 653 2247 cossnre
677 2178 744 2247 sive
758 2192 905 2251 coxere.-
926 2186 1014 2253 unde
1039 2186 1098 2252 in-

60 2293 172 2337 sonare
187 2271 310 2337 dicitur
325 2294 345 2335 n
360 2268 548 2420 Pomponio
565 2267 654 2355 apud
665 2270 763 2335 Non.
784 2276 821 2354 1,
841 2275 913 2337 180.
933 2282 966 2337 et
989 2273 1098 2338 cossi-

57 2380 174 2443 gerure
197 2358 239 2423 sb
260 2356 350 2421 Attio
368 2356 433 2444 spu
478 2354 710 2435 Non.1‚sos.
733 2378 759 2419 3.
782 2377 814 2421 v.
867 2380 987 2423 orcae.-
1016 2356 1099 2426 bene

56 2444 235 2528 proscissus
264 2441 477 2529 cossigerore
511 2438 645 2505 ordine·
668 2462 794 2527 porcos
847 2440 959 2509 idonci
983 2440 1096 2532 ferro,

58 2539 155 2594 tectos
171 2527 323 2594 obruere.
364 2526 517 2614 intelligo
535 2549 656 2613 porcas
671 2524 864 2594 distrahere.
1043 2537 1047 2546 '

130 2639 233 2721 Quod
249 2641 284 2704 in
299 2634 404 2703 Plauti
425 2634 507 2703 locis
524 2636 721 2724 quibusdem
744 2659 834 2703 nunc
856 2638 956 2728 vulgo
978 2638 1009 2705 le
1033 2639 1100 2708 itur

57 2723 498 2804 recessim,omnin0estsnti
525 2724 986 2789 uuauctoritstedestitutum.
1009 2665 1099 2792 liam

58 2809 88 2873 in
103 2812 173 2876 Css.
191 2818 232 2886 2,
246 2814 285 2892 8,
304 2815 336 2875 7.
358 2830 473 2874 omnes
489 2809 512 2874 li
538 2809 566 2873 ri
585 2819 709 2873 veteres
732 2809 890 2874 exhibent
912 2823 1003 2876 retro
1021 2834 1097 2877 oer-

56 2918 123 2959 sum
143 2896 267 2962 cedam
285 2895 335 2961 od
351 2895 545 2983 parietem.-
575 2905 607 2957 et
622 2896 656 2958 in
674 2892 823 2981 Amphit.
841 2896 878 2977 5,
900 2902 937 2976 1,
955 2901 1007 2961 60.
1032 2920 1097 2985 ego

56 3004 152 3046 oinos
167 3004 335 3048 recessum
350 3003 487 3047 vorsum
504 2980 641 3044 trahere
657 2991 690 3043 et
711 2978 842 3043 ducere.
886 2980 996 3068 Vulgo
1012 2982 1098 3046 scri·

55 3080 200 3153 pserunt=
233 3092 297 3156 ego
321 3091 426 3133 eunus
450 3066 607 3133 recessim
630 3085 767 3129 rursum
788 3087 920 3130 norsum
947 3067 1095 3133 trahere.

55 3154 254 3241 Coi-ruptum
277 3177 345 3218 esse
370 3153 459 3218 hunc
480 3153 613 3232 locum,
634 3154 673 3215 ‘et
694 3150 856 3216 Meursius
882 3152 989 3218 etalii
1019 3175 1095 3239 per·

33 3253 239 3325 ¹spesterunt.
284 3239 386 3321 Quod
402 3240 490 3326 apud
507 3238 639 3302 Festum
657 3260 683 3301 3.
699 3259 729 3300 v.
745 3259 837 3324 nepa
853 3238 972 3325 legitur
987 3261 1099 3304 reces-

47 3326 110 3389 sim
125 3326 216 3393 dabo
231 3325 351 3392 meod
365 3323 559 3413 parietem,
580 3322 773 3389 factumest
792 3322 833 3389 ab
857 3324 1005 3390 Antonio
1027 3326 1096 3390 Au·

43 3413 184 3501 gusstlnoe
261 3442 265 3447 ’
463 3432 466 3437 ¹

82 3608 422 3709 CETERVM.
455 3607 736 3745 currens,
768 3556 1073 3697 CETERO(

125 3794 280 3861 Primum
309 3795 350 3862 de
377 3793 625 3885 orthographia.
688 3794 795 3880 Atque
824 3799 915 3856 recte
943 3789 1096 3856 scribitur

44 3890 215 3958 ceterum,
240 3904 312 3947 non
336 3892 518 3948 coeterum.
562 3881 601 3946 Id
616 3880 701 3945 bene
724 3876 957 3944 intellexerunt
975 3876 1097 3942 Manu·-

43 3966 128 4047 tius,
162 3968 345 4051 Cellnrius,
374 3966 540 4049 Norisius,
570 3990 670 4054 quem
702 3965 775 4031 vide
799 3963 885 4052 apud
908 3962 1095 4027 Harlesium

42 4058 175 4137 110212.
204 4055 285 4121 vol.
299 4060 333 4122 2.
378 4052 446 4133 Qui
466 4050 649 4119 defendunt
672 4040 939 4202 diphthonfiim,
970 4058 1096 4149 temere

42 4140 233 4231 approbunt
244 4146 436 4233 perstruunt
452 4138 649 4231 opinionem
664 4136 776 4206 Vossii
790 4146 824 4204 et
868 4136 994 4224 susqusi
1011 4135 1096 4201 elio·
