2618 4770
580 263 652 334 ET·
1072 277 1137 343 609

188 426 275 479 Varro
288 422 371 476 delle
385 420 528 490 aalma
545 415 959 495 relinquiturnenumpucddisi,
977 432 1134 500 dinumero,

152 509 381 579 utriusquepartis
388 508 530 563 commune
564 510 635 563 Nam
645 515 672 562 et
679 509 724 576 qui
730 516 812 577 parat
819 526 896 576 pecus
906 530 1006 567 neeesse
1016 526 1054 570 est
1072 535 1133 570 oen-

152 599 248 650 stituat
256 612 400 646 numerum.
412 595 477 648 «cic.
486 597 519 647 de
529 594 605 648 Orat.
614 594 691 659 1‚25‚
700 592 759 645 113.
771 595 808 645 sie
817 595 1003 663 igitursentio‚
1011 610 1133 655 —natu-

152 698 213 733 ram
226 680 342 747 primum
360 685 437 748 atpne
452 677 589 748 ingenium
604 679 641 732 ad
652 678 790 732 dicendum
803 679 855 730 uim
868 683 966 748 efferre
976 687 1135 758 maeinanis

151 781 234 834 nepae
242 781 303 816 vcro
311 762 384 827 istis,
403 766 435 819 de
442 765 534 833 quibus
540 766 633 834 paullo
643 772 705 818 ante
720 762 787 814 dixit
797 764 941 830 Antonius,
966 769 1137 836 scriptoribut

152 852 222 903 artis
237 848 366 899 rationem
383 849 488 903 dicendi
504 858 528 902 et
549 851 638 914 uiam,
663 849 709 900 sed
724 854 852 898 naturum
868 847 988 913 defuisse.
1023 853 1095 904 Nam
1111 859 1136 907 et
1172 900 1173 903 ,
1249 836 1252 841 v

150 934 241 988 animi
252 921 330 999 atque
351 931 455 1001 ingenii
475 934 568 986 celeres
590 935 698 1002 quidum
716 926 803 983 motus
826 949 879 984 esse
901 934 1002 987 dehent.
1036 937 1068 989 ln
1090 938 1153 993 his,

152 1015 295 1079 Klotzius,
315 1004 368 1084 qai‘
381 1017 457 1069 Leet.
472 1017 546 1070 Tull.
564 1036 589 1085 p.
606 1017 631 1069 ἵ.
652 1017 686 1068 de
700 1017 753 1068 hac
769 1017 831 1067 laco
847 1015 988 1082 disseruit,
1015 1020 1134 1075 admira·

152 1111 198 1158 tur
208 1103 303 1155 'artem
316 1100 494 1168 singularem,
514 1120 567 1169 qua
579 1102 686 1166 Cicero,
706 1100 865 1152 concinnam
877 1100 985 1154 dicendi
999 1104 1135 1159 rationem
1210 1118 1212 1122 ’

152 1187 313 1257 negligens,
342 1186 429 1238 verha
457 1186 492 1238 ad
522 1186 685 1238 sententiam
707 1185 971 1251 accommodaverit,
1003 1205 1085 1254 quam
1107 1190 1135 1242 ei
1189 1175 1191 1178 ’

153 1273 273 1343 primum
288 1269 322 1321 de
337 1269 423 1329 animi
437 1270 600 1337 virtutibus,
616 1271 715 1322 deinde
730 1272 763 1322 de
780 1269 903 1337 corporis
917 1270 1022 1324 viribus
1039 1274 1132 1326 dicen-

158 1359 223 1413 dum
234 1355 340 1420 luisset,
359 1361 387 1406 et
401 1354 438 1419 id,
454 1355 525 1422 quod
542 1356 657 1408 voculae
672 1362 697 1406 et
710 1354 900 1421 responderet,
920 1355 1012 1407 ver-his
1026 1374 1137 1425 expres·
1220 1369 1223 1377 ·

156 1442 234 1497 sisset
248 1430 325 1493 ‘infra
340 1436 451 1506 positise
476 1439 523 1491 sed
544 1435 567 1491 si
590 1438 646 1508 'puis
667 1447 720 1505 est,
744 1442 789 1508 pu
806 1440 871 1492 haee
883 1447 959 1507 putet
976 1448 1034 1493 arte
1049 1444 1135 1512 accipi

152 1545 243 1598 passe,
270 1524 336 1594 ‘quid
358 1526 389 1577 de
412 1525 465 1576 illis
486 1517 570 1588 dicet,
598 1540 741 1592 quaecum
763 1524 821 1594 ipso
843 1525 946 1577 homine
967 1526 1135 1580 nascuntur?

157 1612 281 1679 Quorum
301 1608 420 1662 omnium
438 1606 511 1679 nihil
529 1624 626 1659 verum
648 1615 697 1661 est.
732 1609 826 1662 Noluit
847 1609 920 1662 enim
937 1608 1036 1662 Cicero
1053 1610 1136 1664 simul
1182 1622 1186 1626 ’

151 1698 189 1750 'de
206 1694 328 1764 eorporis
342 1693 447 1744 viribus
461 1694 575 1760 aequale
595 1693 719 1760 proferre
741 1700 949 1762 argumentum,
961 1695 1008 1746 sed
1020 1695 1135 1747 descen-

154 1781 244 1835 ditad
259 1797 307 1843 ea,
334 1796 404 1847 quae
424 1779 528 1830 nullam
546 1777 722 1831 admitterent
738 1776 953 1842 dubitationem,
982 1787 1009 1830 et
1022 1778 1075 1830 nisi
1091 1779 1134 1830 ia-

152 1873 232 1934 eptn,
261 1872 352 1924 tamen
368 1878 421 1915 non
436 1864 506 1914 hene
522 1862 672 1930 composita
687 1871 759 1916 esset
771 1865 842 1916 haec
852 1863 1007 1916 sententia:
1026 1881 1089 1916 nam
1105 1869 1133 1918 et

151 1950 239 2004 animi
254 1949 358 2001 celeres
374 1947 483 2016 quidam
500 1953 588 2001 motus
612 1963 672 1998 esse
694 1947 809 2012 debent,
835 1953 863 2000 et
884 1949 940 2000 alia
961 1955 1038 2014 sunt,
1064 1967 1135 2017 qnae

156 2043 230 2090 certe
246 2032 383 2099 cumipse
397 2028 673 2100 homineaascuntur.
697 2035 733 2085 m
747 2040 848 2084 namet
863 2032 999 2100 significat
1014 2032 1133 2101 καὶγὰρ,
1169 2044 1171 2049 “

152 2121 223 2174 dcun
244 2122 322 2181 eben,
348 2116 467 2170 nemlich.
494 2118 527 2169 de
549 2117 624 2169 Orat.
647 2117 673 2178 2,
695 2118 738 2180 ll,
758 2115 800 2169 48.
829 2132 892 2168 uam
911 2124 935 2167 et
958 2119 1134 2188 testimonium
1222 2134 1228 2140 ·

87 2208 91 2212 ’
155 2222 234 2273 saepe
258 2195 396 2254 dicendum
418 2208 472 2253 est:
502 2200 550 2253 ubi
574 2202 598 2252 si
620 2198 729 2252 Klotzio
753 2205 780 2252 et
801 2200 937 2253 Matthiae
959 2201 987 2251 in
1006 2202 1137 2255 Seehodii

67 2330 73 2343 s
152 2285 271 2341 miscell.
288 2286 348 2338 crit.
364 2287 388 2338 1.
406 2304 431 2353 p.
448 2284 507 2338 6²7.
526 2285 687 2349 credamus,
712 2301 823 2337 necesse
840 2285 894 2337 erit
910 2293 934 2337 et
949 2287 985 2322 -'
997 2295 1036 2351 et,
1063 2289 1135 2355 qsrod

151 2372 333 2436 substituunt,
365 2367 533 2437 accipiamus
555 2389 604 2438 pro
627 2370 702 2422 modo
724 2396 757 2409 -
780 2371 873 2426 modo:
903 2371 974 2438 quod
996 2371 1059 2423 iieri
1080 2372 1134 2424 nou

154 2464 258 2526 potest,
286 2454 339 2507 uisi
362 2463 418 2507 tota
437 2455 571 2508 sententia
588 2454 680 2507 verbis
695 2471 835 2525 ,expressa
872 2454 927 2506 Sed
946 2473 999 2507 nau
1019 2456 1135 2510 aliaest

155 2542 227 2595 ratio
243 2551 324 2611 quum
339 2539 371 2591 de
386 2541 447 2594 Nat.
465 2538 489 2592 d.
505 2539 530 2605 3,
540 2538 583 2607 33,
591 2539 634 2593 82.
655 2548 680 2592 et
695 2541 842 2608 praedones
855 2540 932 2592 multi
945 2557 1022 2608 saepe
1035 2558 1134 2608 poenas

154 2625 229 2679 dant.
255 2626 281 2691 1,
304 2624 348 2689 49,
370 2624 429 2678 214.
457 2626 567 2678 Crassus
588 2643 649 2677 uero
672 2625 738 2678 mihi
758 2632 847 2677 noster
867 2625 937 2677 uisus
959 2633 997 2676 est
1018 2627 1133 2678 oratoris

147 2713 309 2779 facultatem
323 2727 376 2761 non
390 2711 461 2761 illius
476 2713 543 2763 artis
558 2708 690 2775 terminis,
722 2710 767 2762 sed
781 2710 884 2779 ingenii
896 2711 938 2761 sui
945 2712 1064 2776 finibus,
1082 2713 1133 2762 im-

154 2797 250 2849 mensis
261 2813 344 2865 pene,
367 2795 518 2848 describere.
553 2795 623 2847 Nam
641 2802 666 2847 et
682 2796 817 2846 ciuitatum
838 2795 1015 2863 regendarum
1032 2796 1135 2869 oratori

151 2881 334 2950 gubernacula
348 2881 481 2930 sententia
496 2897 546 2930 sua
563 2880 685 2931 tradidit.
720 2878 865 2942 Matthiae,
889 2879 1070 2943 ‚,voluerat‚“
1088 2881 1130 2931 in-

155 2963 228 3032 quit,
246 2955 368 3030 „addere
388 2970 413 3014 et
428 2961 639 3031 philosophiam:
664 2964 711 3014 sed
734 2980 815 3031 quum
833 2963 866 3012 ad
880 2963 974 3029 priora
988 2963 1133 3017 salutanda

156 3048 248 3116 abripi
269 3065 299 3100 se
314 3064 409 3115 passus
425 3054 511 3110 esset,
536 3046 586 3099 illa
602 3049 688 3099 verba
710 3046 757 3098 hic
776 3046 868 3097 omisit
891 3056 919 3100 et
942 3048 976 3099 ad
997 3049 1135 3115 quaestio·

154 3146 219 3184 uem
242 3129 275 3183 ds
300 3131 476 3200 philosophia
501 3150 524 3183 c.
547 3131 589 3185 51.
613 3133 722 3184 demum
743 3129 870 3183 transit.⁴‘
914 3132 992 3184 Tunc
1009 3135 1132 3200 proiecto

156 3215 256 3267 cicero
278 3215 361 3270 litura
383 3216 546 3270 correxisset
568 3217 636 3269 illud
657 3226 682 3269 et
702 3215 775 3267 male
801 3212 947 3281 scriptum,
973 3218 1043 3285 quod
1065 3235 1133 3286 qno-
1168 3221 1170 3227 ⁴

154 3297 236 3350 modo
251 3299 436 3366 perspicuitati
451 3309 498 3353 ant
512 3301 669 3371 elegantiae
685 3297 824 3363 inserviat,
843 3316 895 3350 non
916 3301 1011 3368 liquet.
1037 3303 1145 3371 Neque·

153 3382 282 3448 omnino,
300 3394 382 3452 quum
398 3385 467 3439 haec
484 3387 633 3454 scripturus
649 3391 724 3450 erat,
750 3385 785 3436 de
800 3384 975 3453 philosophia
990 3387 1133 3455 cogitavit.
1177 3448 1179 3452 Α
1195 3384 1204 3398 “

158 3467 248 3535 Atque
262 3467 301 3520 sie
316 3469 342 3520 iu
357 3471 480 3539 reliquis,
496 3488 565 3539 quae
580 3473 666 3523 multa
681 3477 757 3522 sunt:
780 3468 814 3520 de
828 3469 904 3521 Orat.
921 3471 945 3535 1,
962 3470 1077 3535 ruzil.
1099 3473 1134 3525 de

156 3550 260 3604 Inveut.
274 3553 300 3616 1,
310 3549 352 3619 16,
368 3555 409 3607 23.
429 3557 476 3607 ahi
489 3555 609 3609 Orellins
625 3553 789 3606 eiiciendum
805 3563 882 3622 putat
896 3574 967 3608 nam.
988 3557 1021 3608 de
1036 3555 1091 3609 ou.
1106 3556 1133 3622 1,
1174 3569 1177 3577 “

51 3660 54 3664 ·
152 3631 197 3699 40,
213 3632 271 3688 142.
291 3639 329 3689 ita
340 3640 444 3690 uidetur
458 3644 549 3692 eadem
563 3643 602 3693 uis
617 3643 717 3692 ordinis
733 3647 757 3691 et
770 3641 946 3702 collocationis
956 3644 1026 3706 sore.
1061 3641 1134 3693 Nan

157 3727 182 3772 et
197 3721 316 3773 ordinem
330 3719 366 3773 sic
381 3725 524 3789 definiunt,
543 3727 750 3794 compositionem
766 3743 852 3777 rerum
867 3727 937 3794 aptis
951 3733 976 3776 st
992 3742 1134 3778 accommm

100 3863 103 3867 ,
128 3828 130 3832 ·
153 3806 225 3857 datis
240 3806 312 3857 loeis.
353 3805 395 3857 Ad
418 3808 488 3859 haec
510 3809 641 3860 Iacobus:
667 3809 874 3874 „collocationis
890 3809 991 3861 omittit
1012 3809 1132 3876 explice-

149 3887 264 3954 tionem,
285 3899 312 3942 et
328 3882 419 3942 statim
429 3893 463 3943 ad
477 3893 638 3945 modestiam
654 3894 769 3946 ulterius
784 3894 904 3964 pergit.“
939 3890 1133 3967 Gurtaudeni!

150 3969 235 4025 Nulla
258 3981 374 4040 apparet
395 3986 498 4032 caussa.
533 3977 616 4043 Atqui
635 3977 734 4032 vitiosa
762 3984 832 4033 esset
853 3977 943 4030 dictio.
978 3979 1020 4028 De
1036 3970 1134 4040 OM}

138 4055 178 4119 ’9,
191 4055 237 4137 33.>
253 4059 327 4124 fides
348 4066 436 4112 autem
453 4068 483 4113 ut
507 4061 652 4128 habentur,
677 4065 781 4116 duatus
803 4067 878 4116 rebus
896 4062 971 4128 effici
983 4058 1132 4128 petisti-'ti

126 4182 127 4187 ,
150 4141 362 4196 esistimatimur
402 4143 502 4225 adepti¹
530 4143 696 4203 coniunctam
723 4165 783 4215 cnm
815 4149 917 4202 iustitia
950 4146 1131 4216 prudentiane
