2618 4770
134 274 199 360 ero
628 268 701 351 uu.
867 264 901 313 “²

147 466 151 475 ·
207 447 287 500 ems
308 425 344 499 Β.
367 438 437 513 gau
457 437 530 505 aa.
566 435 685 507 enas
706 437 785 508 nege
807 452 868 507 egr.
891 432 1053 502 1‚a,1s.·
1080 439 1120 495 s„

207 522 627 594 cass.8.!auusc.1ug.1te.
664 521 722 579 cic.
739 525 819 578 verr.
835 524 868 589 2,
883 521 932 588 28,
950 519 994 576 55.
1028 558 1033 565 -

223 640 257 705 8.
283 639 353 704 Hae
379 636 523 701 dictione
545 635 629 700 boni
651 634 828 722 scriptores
850 655 947 721 saepe
972 642 1115 697 utuntur

48 800 51 807 ,
140 736 197 807 ut,
227 744 310 825 quae
329 725 395 789 iam
417 723 489 807 ¹aliis
513 720 620 785 verbis
643 742 798 808 expressa
822 730 918 799 sunt,
943 717 1070 784 adiecto
1095 742 1120 784 ar

141 822 246 879 menti
262 811 400 875 nomine
418 808 601 872 distinctius
620 804 851 896 designentur,
870 815 926 870 aut
952 815 986 868 ut
1033 828 1120 870 raern

102 962 105 969 Α
140 898 190 963 rei
211 896 346 962 nomine
374 894 429 971 id,
459 892 550 980 quod
579 892 619 955 de
645 914 681 956 ea
708 892 935 978 praedicetur,
964 829 1106 957 addatur

142 982 291 1050 formam
307 980 480 1047 accusativi
498 999 574 1043 cum
590 976 767 1044 infinitivo.
793 1048 797 1054 ,

74 1134 76 1142 ·
121 1116 126 1123 ·
181 1158 184 1163 ,
245 1103 325 1163 (iuss.
339 1104 374 1159 B.
390 1100 442 1155 civ.
457 1098 547 1165 ult.
566 1116 684 1169 quaeque
697 1108 791 1170 postea
814 1099 984 1163 aesiderant,
1010 1099 1043 1151 de
1058 1115 1120 1169 amp

185 1250 190 1261 ,
208 1189 249 1243 rei
265 1188 463 1256 frumentariae
480 1185 589 1253 aceepit.
609 1184 643 1250 1,
658 1185 702 1238 21.
721 1202 788 1254 qnae
802 1185 976 1255 ignorabant,
989 1183 1022 1235 de
1039 1183 1072 1236 la.
1087 1184 1120 1235 De

202 1277 280 1346 fuga
294 1279 461 1344 cognoscunt.
478 1268 512 1335 d,
527 1267 571 1321 te.
589 1276 730 1337 postquam
743 1288 797 1336 non
813 1270 889 1322 modo
906 1270 1032 1322 hordeum
1052 1269 1120 1341 pais

210 1378 260 1431 que
274 1360 393 1413 omnibus
410 1356 472 1409 loeis
486 1354 632 1423 herbaeque
651 1355 784 1420 desectae,
805 1354 947 1406 sedetiam
958 1353 1074 1418 scandes
1097 1371 1120 1406 es

178 1446 181 1451 '
210 1444 316 1498 derides
339 1442 512 1509 deficiebant,
540 1466 577 1478 ·-
604 1441 753 1491 conandum
782 1440 833 1491 sibi
864 1438 967 1507 aliquid
996 1438 1120 1506 Pompeis

212 1527 349 1596 eruptione
365 1523 532 1576 existimavit.
567 1521 626 1577 cie.
648 1525 727 1577 Brut.
749 1520 800 1587 45,
825 1521 889 1575 lut.
918 1521 987 1591 qnod
1015 1523 1085 1595 idem
1108 1525 1120 1575 d

211 1611 298 1663 Coelio
311 1610 422 1663 dixerim
437 1607 598 1660 indintriam
610 1608 641 1661 im
655 1625 685 1662 eo
694 1625 823 1661 summam
834 1608 929 1673 fuisse.
950 1602 993 1670 15,
1010 1603 1054 1659 51.
1076 1605 1118 1672 72,

209 1692 294 1747 Tuae.
311 1692 345 1758 5,
363 1693 415 1759 20,
430 1691 481 1746 51.
492 1693 525 1746 de
540 1693 589 1747 boe
604 1692 709 1745 domine
724 1711 743 1745 a
758 1693 832 1745 bonis
847 1693 997 1743 auctoritas
1012 1692 1050 1744 sio
1071 1694 1121 1761 seri

164 1822 166 1826 .
214 1779 374 1846 accepimus,
392 1772 619 1843 summum‘suisse
641 1779 697 1831 eius
714 1779 744 1830 in
761 1777 833 1828 niatu
853 1777 1066 1844 temperantiam.
1091 1778 1120 1849 ud

210 1855 244 1926 9,
258 1861 285 1914 i.
304 1862 337 1914 de
348 1880 415 1931 poce
429 1861 499 1915 idem
522 1864 606 1915 seritis
625 1864 694 1931 quod
710 1870 758 1926 tu,
776 1861 970 1912 simulationem
991 1878 1045 1913 esse
1067 1879 1120 1930 apes

213 1945 243 1998 iu
255 1946 334 1998 Verr.
349 1946 381 2011 2,
395 1945 446 2011 tl,
462 1945 523 2001 174.
541 1946 576 2012 4,
594 1945 644 2012 18,
661 1945 705 2000 28.
740 1947 864 1998 heutoni.
881 1941 1004 2010 5,u,1.
1026 1946 1059 1998 de
1071 1947 1120 1999 suis

214 2032 287 2085 ritus
302 2030 453 2100 meritisque
468 2032 616 2087 coniectent
627 2034 717 2084 abesse
731 2031 870 2083 iustitiam.

246 2133 388 2187 Interdum
418 2123 459 2187 ita¹
484 2135 594 2205 ponitur
618 2152 718 2189 nomeu
751 2149 814 2185 cnm
838 2133 892 2184 hue
913 2132 1116 2201 praepositione

215 2218 300 2271 simul
314 2219 467 2272 subiectum
486 2219 522 2273 sit
537 2219 627 2287 verbi,
646 2218 719 2289 qued
732 2217 864 2286 sequitur.
900 2216 959 2270 (iic.
975 2218 1006 2271 in
1022 2220 1100 2274 verr.
1113 2218 1120 2272 i

216 2301 259 2357 16.
279 2305 311 2357 de
329 2304 472 2358 occasione
489 2304 597 2371 dubito,
618 2323 656 2358 nn
670 2305 790 2374 Apronio
804 2302 857 2370 ipa
872 2304 938 2356 data
955 2304 998 2356 sit.
1052 2336 1055 2341 -

235 2429 266 2490 4.
299 2426 377 2490 Non
400 2427 463 2491 alia
491 2437 538 2490 est
560 2429 667 2506 ratio,
698 2449 762 2513 qua
784 2425 882 2491 verba
903 2425 1057 2505 mittere,
1078 2426 1120 2514 leg

150 2530 226 2574 oum
247 2510 308 2575 hac
329 2512 574 2599 praepositione
598 2519 864 2601 componuntur,
887 2523 924 2575 ut
946 2513 1107 2577 indicetur

151 2599 242 2661 ouius
258 2594 402 2685 agendae
419 2619 530 2661 caussa
547 2598 661 2684 aliquis
679 2597 830 2661 mittitur.
876 2600 969 2678 Quae
983 2599 1120 2687 propius

152 2683 275 2749 cedunt
290 2681 330 2748 ad
346 2684 453 2770 ipsam
470 2705 600 2748 caussae
614 2684 799 2748 notionem.

254 2803 313 2856 cie.
330 2803 364 2855 de
381 2802 605 2870 0ffi1,1e,39.
623 2805 744 2875 Regulus
760 2831 795 2843 —-
813 2821 891 2871 quum
906 2805 939 2856 de
951 2805 1064 2873 captivis
1085 2824 1120 2859 eos

215 2887 308 2941 tundis
325 2889 439 2941 Romans
453 2891 546 2942 misens
561 2897 626 2942 esset
637 2894 690 2942 etc.
723 2884 837 2942 Coelius
849 2888 884 2940 ad
900 2888 957 2940 Cic.
973 2887 1008 2954 8,
1025 2889 1057 2954 8,
1073 2889 1115 2944 et.

219 2972 254 3024 tie
267 2989 321 3040 pua
336 2975 411 3037 misi,
429 2976 507 3027 celim
520 2991 599 3027 curae
613 2974 720 3027 itabens.
748 2976 827 3027 Brut.
841 2972 891 3038 90,
905 2972 966 3026 312.
985 2974 1114 3026 dictatore

211 3056 298 3108 =Sulla
312 3057 416 3126 legatus
432 3043 469 3112 ad
486 3068 606 3112 senatum
624 3060 656 3111 de
671 3060 835 3113 Rhodiorum
843 3059 971 3126 praemiis
980 3065 1097 3112 uenerat
1118 3076 1120 3100 ⁴

218 3137 254 3191 B.
270 3140 336 3206 guli.
351 3141 386 3206 2,
400 3141 426 3196 6.
444 3146 489 3212 qni
504 3146 589 3214 legati
602 3145 634 3196 de
646 3161 712 3211 pace
727 3146 764 3197 ad
783 3144 923 3195 Caesarem
938 3152 1075 3198 venerant.
1109 3145 1120 3197 'i

88 3264 93 3271 .
219 3223 289 3276 Anu.
310 3225 342 3290 l,
352 3225 401 3303 22.
428 3228 463 3280 sd
485 3247 510 3297 q.
529 3229 555 3280 1.
588 3229 735 3303 Wopkens.
760 3229 790 3282 in
809 3229 869 3280 nat.
891 3243 947 3280 soe.
972 3229 1051 3283 Trai.
1076 3220 1120 3284 To

205 3307 247 3374 p.
264 3305 307 3361 2⁷.
342 3308 386 3362 cf.
399 3310 472 3367 inira
487 3331 514 3382 p.
529 3312 590 3366 212.
913 3338 917 3345 ·

236 3427 269 3492 5.
292 3427 423 3514 Nexus,
446 3434 503 3521 qui
524 3434 557 3500 in
572 3436 624 3501 his
639 3435 811 3502 intercedit
827 3435 915 3500 inter
930 3435 1070 3500 verbum
1081 3445 1120 3502 ut

152 3531 231 3575 men
247 3535 324 3581 cum
340 3522 585 3607 praepositione
602 3524 826 3597 coniunctum,
842 3523 876 3586 in
895 3522 963 3586 aliis
981 3522 1083 3585 abest.
1113 3521 1120 3586 i

152 3595 186 3660 in
202 3599 308 3664 verbis
324 3604 436 3669 celare
452 3606 599 3693 aliquem
616 3608 658 3672 de
677 3609 725 3672 alr
748 3631 794 3671 un
816 3630 854 3672 re
870 3608 977 3671 omitti
998 3617 1115 3693 potest

38 3747 45 3769 x
152 3703 231 3747 men
256 3687 323 3766 rei,
360 3712 459 3776 quarn
491 3694 562 3843 {psa
599 3632 815 3757 dissimuiatio
845 3695 966 3780 tangit:
1006 3702 1064 3790 aut
1096 3716 1120 3778 q*

153 3766 361 3858 dicofacere
384 3776 493 3864 aliqui
541 3777 584 3844 de
608 3779 727 3866 aliqua
746 3798 803 3858 re,
826 3779 858 3842 id
878 3779 1015 3866 proprie
1038 3780 1120 3865 signi

143 3850 267 3952 facere
287 3880 328 3921 ex
350 3861 476 3949 aliqua,
491 3887 547 3928 re:
576 3865 633 3928 sed
655 3875 764 3951 potest
790 3868 888 3930 etiam
915 3886 984 3928 esse
1006 3863 1118 3929 facere

152 3940 232 4024 quid
248 3955 379 4030 sumpta
403 3969 446 4012 ex
462 3947 569 4035 aliqua
584 3973 620 4017 re
643 3971 753 4015 caussa
776 3951 828 4015 vel
852 3952 1041 4024 occasione,
1067 3949 1113 4014 ob

151 4045 251 4122 quarn
273 4049 365 4111 rem,
389 4055 454 4118 pro
475 4034 583 4121 aliqua
609 4060 658 4102 re.
716 4036 822 4126 Igitur
851 4046 888 4098 ut
914 4036 1120 4117 rationem,

151 4118 235 4176 aeuo
261 4115 407 4201 regitur,
433 4116 598 4206 indicent,
616 4123 735 4194 Graeci
759 4123 801 4194 ab
824 4120 1056 4211 amplectendo
1078 4121 1120 4187 di
