2618 4770
85 27 98 373 l
571 261 719 333 uultu.
1128 277 1171 343 8⁷

79 424 95 479 ι’
134 430 177 488 tro
193 440 223 487 ez
323 436 351 484 e.
392 414 474 484 ttoa
491 416 648 485 dixerunt
664 426 794 486 manto
810 419 928 491 ordina
954 424 1042 492 citro
1062 426 1171 496 ultro·
1286 429 1291 436 '

79 545 82 553 ·
132 530 192 599 aaa.
229 504 267 571 In
309 526 347 569 ao
363 523 444 571 vero
459 505 606 571 formula
620 526 689 570 non
704 515 865 572 notantur
883 508 1034 581 adversae
1056 515 1170 603 regio-

79 619 84 651 τ
134 616 185 661 nea
197 591 327 659 alanino
340 590 391 657 rei
406 591 552 669 madiae,
574 591 633 655 aed
648 591 715 656 looi
731 591 853 659 diverti
869 604 903 661 et
917 608 1028 685 partes
1050 599 1169 666 distin-

79 704 83 738 =
139 690 213 754 atae,
226 677 272 743 ita
287 687 326 741 ut
340 678 385 741 ait
398 676 435 743 id
452 678 544 768 quod
567 678 632 742 huo
652 677 751 743 illud*
765 689 800 743 et
824 677 870 746 ab
891 693 1036 772 utruque
1050 697 1170 773 purte.

79 790 100 873 l
142 766 175 831 lit
184 772 356 853 usurpatur
372 762 414 828 de
428 775 525 830 motu
549 773 583 830 et
605 762 647 828 de
661 763 720 847 iia,
743 784 828 852 quaa
848 764 890 831 ab
913 779 1054 857 utraque
1075 782 1170 859 parto

79 876 95 913 .·.-
139 851 222 931 autin
237 860 418 939 utramque
441 860 578 939 partem·
595 860 747 937 aguntur.
801 851 918 919 Graeci
939 855 1056 921 dicunt
1080 859 1169 942 δεῦρο

79 918 94 1025 ιξ
135 932 213 1019 flat,
230 932 351 1003 admira
368 934 421 1001 aui
435 933 468 1003 vd
486 938 595 1025 δεῦρο,
619 934 705 1000 Galli
717 957 791 1023 pur
804 938 839 1002 ci
847 939 990 1025 parib,
1012 944 1055 1021 ρὰ
1071 944 1166 1020 etl,

79 1030 93 1095 ’Ξ
134 1022 269 1090 Germani
293 1021 357 1086 ltin
371 1018 446 1087 und
465 1023 539 1089 laer.
581 1020 633 1087 De
656 1018 837 1087 adiicienda
860 1026 1046 1113 copulativa
1067 1028 1168 1095 vobe-

79 1130 84 1163 a
116 1106 239 1175 'nentur
254 1106 451 1173 dubitarunt
465 1106 594 1187 critici,
613 1115 646 1170 et
662 1105 720 1193 qui
736 1108 887 1174 concisae
906 1113 1067 1178 orationis
1089 1114 1167 1181 fau·

79 1224 85 1233 ·
132 1204 201 1261 tores
227 1192 427 1261 exstiterunt
454 1192 590 1257 Cortiua
618 1189 660 1256 ad
682 1191 816 1259 Sallust.
842 1193 914 1260 cat.
942 1203 1002 1280 11,
1024 1204 1059 1263 2.
1094 1199 1166 1288 lug.

79 1298 85 1332 ¹
132 1284 177 1357 1⁷,
192 1280 222 1347 6.
242 1279 359 1363 ⁶0,4.
383 1289 416 1344 et
435 1279 569 1347 Beierua
587 1277 627 1343 ad
642 1277 711 1343 Cio.
729 1277 771 1342 de
787 1276 855 1344 0ff.
876 1284 1061 1364 1‚17,56.
1078 1295 1110 1349 et
1125 1286 1168 1350 ad

79 1384 86 1416 ¹
130 1365 200 1433 lael.
219 1368 285 1449 22,
303 1364 360 1431 85.
385 1364 535 1452 asyndati
555 1363 721 1429 rationem
745 1363 954 1431 illustrabant
976 1377 1010 1432 et
1033 1368 1167 1457 elegan-

79 1448 87 1501 ἱ
129 1452 180 1517 tiae
192 1450 330 1517 nomine
353 1448 644 1515 commendabant.
686 1450 730 1515 At
752 1448 857 1515 Miob.
879 1450 1102 1539 Heusingerua
1125 1456 1168 1521 ad

128 1536 399 1619 cta.0ff.1,17,
418 1541 473 1602 10.
491 1534 652 1622 exemplis
677 1535 958 1623 comprobaverat
977 1559 1077 1604 naum
1106 1562 1167 1604 co-

127 1623 221 1712 pulae.
257 1621 377 1707 Neque
392 1644 473 1689 uero
490 1622 651 1709 elegantia
664 1619 734 1685 nlla
754 1621 885 1701 subeat,
904 1623 963 1688 aed
985 1625 1094 1689 maior
1117 1627 1166 1692 vis

79 1746 81 1755 ‚
126 1720 154 1775 at
170 1706 391 1796 significantia.
440 1709 528 1775 Nam
551 1707 610 1772 ubi
630 1705 788 1796 opposita
812 1706 1032 1774 collocatione
1053 1713 1166 1798 aequi-

126 1806 266 1885 parantur
288 1802 324 1859 et
388 1791 433 1859 asi
449 1796 485 1860 in
499 1814 603 1858 unam
624 1793 800 1858 notionem
816 1805 953 1873 coeunt,
983 1816 1056 1862 non
1079 1819 1165 1884 opus

126 1881 310 1969 aucupata:
333 1902 358 1945 u
382 1881 489 1946 ivero
505 1878 546 1947 ad
567 1890 745 1966 ulnamque
767 1890 898 1978 partem
920 1881 1165 1968 respiciendum

126 1978 164 2033 art
176 1963 385 2057 singulatim,
410 1978 443 2031 et
456 1988 510 2032 rea
528 1962 615 2032 facta
631 1986 701 2031 ease
716 1963 837 2030 dicatur
850 1966 994 2039 vicisaim
1015 1978 1072 2033 aut
1084 1990 1165 2045 mu-

125 2064 186 2135 tuo,
208 2071 269 2121 neo
283 2051 326 2119 ab
341 2074 428 2132 una,
449 2052 507 2119 aed
523 2052 622 2116 etiam
638 2050 678 2114 ab
696 2050 797 2116 altera
817 2062 931 2138 parte,
952 2075 1087 2141 sempor
1109 2055 1165 2118 in-

81 2182 90 2205 .
125 2141 300 2231 tarpanitur
322 2138 443 2227 oopula
467 2137 556 2226 apud
581 2136 690 2201 bonos
730 2135 843 2201 uidem
865 2138 1056 2225 scriptores.
1102 2140 1165 2205 Vbi

80 2208 88 2271 i
126 2248 153 2293 ta
166 2225 349 2303 omittitur,
372 2225 532 2289 sententia
551 2245 566 2286 s
593 2223 696 2287 eciem
706 2159 810 2287 babet
829 2220 1077 2291 disiunctivam:
1095 2224 1164 2291 aive

79 2274 91 2353 l
127 2312 198 2379 ultro
220 2312 288 2379 aive
303 2310 412 2392 citro,
443 2245 726 2397 quemadmodum
743 2307 868 2372 Plinius
891 2307 975 2374 dixit
997 2310 1091 2375 ultra
1109 2312 1163 2376 ei-

79 2384 90 2439 l·
128 2409 228 2463 buvet
259 2417 464 2484 quamquam
495 2393 581 2459 nihil
604 2394 764 2481 impedit,
786 2415 853 2480 quo
875 2393 987 2459 minua
1004 2396 1104 2460 etiam
1127 2398 1163 2463 in

79 2492 83 2499 '
129 2484 175 2551 teli
192 2484 351 2551 tentantia
372 2480 532 2566 addatur,
553 2479 649 2546 sicuti
671 2480 708 2552 iu
729 2477 877 2547 formula
899 2479 990 2547 ultro
1012 2482 1163 2572 citroque

79 2576 94 2695 L,
131 2591 310 2637 maturare.
499 2588 501 2592 ·
1247 2567 1262 2591 ⁸

91 2694 95 2722 Ι

219 2757 279 2814 cto.
296 2756 377 2814 nael.
393 2755 446 2822 22,
461 2752 505 2808 86.
522 2770 586 2808 aum
598 2752 730 2825 implicati
742 2755 814 2810 ultro
829 2761 856 2808 et
878 2756 945 2812 citro
961 2755 1002 2810 oei
1028 2772 1078 2810 aaa
1101 2757 1162 2810 dio·

179 2846 254 2897 tamo
269 2843 313 2897 oei
327 2842 409 2894 etium
422 2839 521 2906 ussteiia
541 2846 647 2908 repente
665 2839 696 2890 in
708 2840 795 2893 medio
817 2858 896 2893 aaran
916 2840 1049 2894 amicitior
1071 2847 1162 2896 exorta

97 2974 100 2983 .
179 2929 269 2997 οῑίᾳω
284 2926 430 2994 offmaione
446 2924 637 2991 utramptman
649 2920 699 2974 ubi
713 2922 832 2976 Balarus
847 2923 989 2977 delendam
1001 2930 1094 2978 oensot
1115 2943 1162 2978 oo-

98 2998 102 3041 l
179 3014 269 3081 palam
288 3012 451 3079 propteroa,
473 3005 589 3075 quadiu
609 3005 714 3060 dnobus
729 3007 807 3060 uodd.
822 3009 897 3061 mula
914 3007 1046 3077 auriolum
1059 3009 1163 3078 legitur

177 3100 309 3167 abeoquo,
319 3099 357 3149 ¹ot
370 3094 414 3145 uri
430 3093 505 3147 eitra.
540 3093 578 3146 tt
591 3089 747 3146 annania
767 3108 802 3147 aa
819 3092 990 3162 requiritur,
1008 3111 1092 3164 quum
1109 3094 1161 3150 eit:

179 3184 210 3239 ab
229 3188 350 3251 utraque
368 3181 456 3246 parte.

216 3320 283 3375 biv.
294 3315 332 3382 b,
350 3313 386 3381 8,
402 3311 429 3367 u.
450 3312 623 3385 perlegatur
643 3314 715 3369 ultro
735 3314 852 3386 nitrum
874 3317 966 3373 iubeor
988 3317 1162 3372 iureiurando

179 3404 245 3458 iuter
257 3421 286 3457 aa
298 3400 422 3469 obligati.
458 3399 536 3451 caea.
551 3399 584 3451 B.
601 3399 675 3454 Gall
693 3400 788 3467 1‚4z.
807 3404 841 3455 B.
860 3402 1018 3469 aiv.1‚2⁰.
1038 3402 1099 3457 btv.
1116 3402 1161 3468 29,

180 3487 229 3554 Β,
243 3485 271 3541 5.
293 3486 362 3538 dota
379 3486 451 3537 uitro
465 3485 582 3550 auroque
592 3484 652 3550 fide
667 3487 770 3539 eoadem
784 3488 882 3540 amiran
897 3487 1063 3556 inimicaeque
1083 3489 1162 3541 babi-

177 3577 256 3625 tarot.
275 3568 377 3637 41,ss
390 3609 399 3636 ,
412 3569 440 3623 ².
456 3567 488 3634 9,
503 3565 554 3633 45,
567 3567 594 3620 2.
620 3570 740 3621 arrabone
754 3571 827 3623 ultro
845 3573 961 3640 citraque
980 3572 1090 3624 babitu.-
1113 3571 1161 3623 ubi

180 3654 388 3710 Drakenborch.
404 3653 466 3707 iuro
477 3652 585 3722 sprevit
600 3654 717 3706 alteram
733 3655 873 3708 florentini
891 3655 1063 3724 aliorumque
1086 3655 1162 3708 rodl-

84 3782 88 3793 .
179 3758 238 3795 euna
254 3739 421 3809 scriptarum
437 3740 508 3791 ultro
524 3740 597 3791 eitra.
633 3739 691 3792 cta.
705 3739 797 3792 Sanan.
814 3740 888 3808 Suip.
903 3740 929 3794 1.
950 3742 1089 3810 multisque
1102 3759 1161 3792 uer-

178 3824 217 3881 tta
226 3828 301 3879 ultro
317 3826 435 3895 diroque
450 3812 550 3876 leutitia
564 3822 610 3875 ille
625 3824 701 3883 nebia
719 3833 884 3894 consumptua
904 3834 942 3879 eat
962 3827 1026 3879 diua.
1057 3824 1119 3878 Liv.
1134 3826 1161 3891 t,

82 3964 89 3995 Ι,
178 3906 209 3977 θ,
226 3909 269 3965 2·
282 3924 363 3979 quun
381 3908 481 3963 calwe
505 3914 589 3962 untru
618 3909 795 3977 quadmouioe
815 3910 886 3964 ultro
908 3911 1024 3982 nitroque
1046 3911 1162 3965 iactatur

79 4110 94 4165 t
153 4138 171 4153 ··
212 4126 606 4199 uma-tanat.8,5‚ltt
626 4110 791 4204 aquariam
804 4114 924 4206 parvam
946 4132 1076 4197 taam,
1097 4145 1162 4198 tw
