2618 4770
176 245 242 325 ⁵02
659 236 735 306 sr.

183 396 407 484 conspicitur,
439 393 480 458 de
505 391 623 479 quibus
645 391 853 470 Hermannus
876 388 981 457 facete
1002 412 1111 480 nuper
1133 397 1237 464 dixit:

184 504 303 553 eorum
327 479 486 546 fabricam
508 489 605 563 atque
628 496 726 542 usum
753 477 811 564 qui
837 476 994 554 calleant,
1023 490 1114 544 recte
1140 483 1180 549 iis
1206 496 1242 571 et

121 582 123 587 ’
186 589 265 641 oum
280 567 393 632 fructu
407 565 475 644 uti,
505 567 561 649 qui
585 583 655 627 non
679 562 836 646 calleant,
865 561 949 628 nihil
971 563 1151 651 prolicere,
1174 571 1242 638 nisi

184 665 225 722 ut
247 652 401 718 territent
427 649 607 715 nonnullos
631 646 689 713 mis
707 645 803 725 'odaei
823 647 1046 737 κωδωνοκρότῳ
1068 659 1242 722 παλαισταί.

186 738 321 810 Etenim
336 738 415 802 haee
430 734 541 802 forma
554 743 775 800 commutatae
790 735 958 806 orationis,
975 756 1075 824 quam
1090 750 1243 806 oratores

189 825 309 910 aliique
339 823 518 907 scriptores
546 818 704 906 singulari
727 827 814 884 'cum
845 816 988 885 efficacia
1015 820 1176 897 adhibent
1200 827 1245 892 ad

188 901 420 977 declarandam
450 907 553 970 animi
577 906 860 984 commotionem,
895 905 944 970 vel
977 906 1018 970 ad
1046 906 1244 977 liberiorem

187 1015 314 1063 nexum
341 992 509 1056 sententiis
539 991 774 1073 iniicieudum,
810 1000 942 1054 tantum
972 991 1064 1055 abest
1094 1004 1147 1073 ut,
1178 999 1246 1066 nisi

189 1101 308 1155 eeussa.
324 1078 443 1143 idonea
472 1075 672 1157 intercedat,
704 1076 881 1164 elegantiae
901 1097 1025 1140 nomen
1051 1088 1084 1142 et
1105 1079 1243 1149 laudem

189 1164 355 1242 inveniat,
393 1174 431 1225 ut
458 1183 592 1249 semper
616 1184 659 1226 ne
681 1160 833 1250 ligentiac
852 1172 1018 1226 mereatur
1038 1175 1175 1248 notam,
1202 1170 1241 1233 in

190 1251 284 1316 bono
301 1249 464 1336 scriptore
480 1249 537 1320 vix
554 1183 780 1328 toleraiilem,
808 1247 844 1310 in
864 1247 955 1311 malo
981 1247 1239 1336 vituperandam.

97 1400 98 1405 ,
164 1372 165 1376 =
189 1336 235 1403 Et
257 1357 340 1422 quae
363 1333 563 1419 cogitatione
590 1331 640 1397 vel
664 1329 839 1398 festinante
862 1332 1167 1422 velpraecipitante
1183 1351 1242 1404 aut

140 1451 144 1457 ·
189 1419 317 1490 wama
341 1427 494 1485 currente
513 1427 713 1498 nascuntur,
741 1416 832 1485 nulla
859 1427 908 1481 est
928 1419 1013 1482 ratio
1036 1430 1171 1507 putare,
1201 1425 1244 1490 de

153 1530 157 1537 ·
190 1505 331 1573 consitio
355 1514 388 1568 et
416 1500 592 1568 artificiose
616 1501 702 1566 facta
726 1525 806 1567 esse.
866 1503 1034 1570 Nimirum
1058 1505 1086 1570 si
1111 1510 1245 1575 criticos

189 1601 324 1664 nostros
340 1588 519 1668 audiamus,
540 1589 745 1668 Ciceronem,
762 1588 928 1676 optimum
942 1589 1109 1656 latinitatis
1125 1607 1245 1662 aucto.

140 1679 142 1684 ’
189 1699 275 1757 rem,
290 1672 552 1740 existimabimus
562 1694 659 1767 saepe
672 1685 706 1739 et
720 1676 867 1760 posuisse
882 1696 924 1737 ex
933 1675 1129 1743 conturbata
1145 1683 1245 1768 cogi-

188 1763 316 1826 tatione
333 1758 443 1824 velex
460 1756 629 1823 oblivione
651 1780 786 1837 eorum,
815 1779 899 1844 quae
920 1759 1023 1824 modo
1045 1765 1246 1851 scripsisset,

188 1845 249 1915 sel
267 1868 309 1910 eo
333 1841 471 1907 consilio
496 1866 514 1906 a
536 1853 626 1925 recta
653 1845 704 1909 via
731 1843 934 1923 discessisse,
965 1855 1003 1908 ut
1026 1849 1246 1936 negligentiae

190 1931 293 2016 culpa
312 1927 374 1992 sihi
397 1926 562 1994 liberioris
585 1928 737 1993 dictionis
760 1930 811 1993 ius
834 1927 1024 1995 vindicaret.
1074 1936 1244 2021 Equidem

176 2036 270 2093 ,sero
291 2012 401 2078 neseio
426 2035 467 2077 an
489 2013 599 2077 maior
620 2013 664 2077 sit
687 2014 809 2079 erroris
833 2014 929 2101 eulpa
956 2038 1091 2099 eorum,
1126 2025 1243 2107 quiin

190 2099 250 2166 his·
260 2097 464 2166 anacoluthis
479 2097 611 2185 plenam
626 2100 862 2164 sententiarum
885 2105 1165 2171 constructionem
1183 2109 1243 2174 de-

191 2196 378 2254 monstrare
394 2194 557 2250 conantur
571 2184 675 2249 altero
693 2197 726 2249 et
741 2184 939 2265 substituto,
962 2189 1015 2250 cui
1033 2191 1068 2253 in
1079 2191 1243 2276 plurimis

61 2310 81 2320 .,
189 2269 244 2347 rel
261 2271 455 2335 obsensum
476 2268 528 2334 vel
547 2268 591 2335 ob
609 2269 769 2338 orationis
791 2268 1029 2351 formationem
1052 2277 1164 2344 nullus
1186 2304 1241 2346 as-

192 2355 315 2448 signari
330 2364 440 2442 petest
453 2353 555 2423 locus.

293 2492 412 2555 Eorum,
430 2507 500 2562 qnae
514 2491 580 2544 osto
595 2491 629 2542 de
646 2489 819 2560 anacoluthis
836 2491 980 2558 disseruit,
999 2494 1136 2563 principia
1149 2500 1245 2557 omnia

240 2573 322 2631 ''suut'
336 2591 369 2626 ex
384 2575 536 2628 llermanni
551 2574 669 2627 decretis
686 2575 863 2643 deprompta,
884 2579 931 2629 sed
946 2578 975 2629 iu
990 2582 1179 2649 exemplorum
1194 2585 1244 2636 de-

258 2657 454 2717 monstratione
478 2675 598 2726 genere,
634 2675 705 2726 quae
729 2665 810 2712 antea
833 2659 961 2714 distincta
984 2669 1076 2730 erant,
1100 2667 1245 2721 rhetorica

258 2748 287 2795 et
302 2742 486 2811 grammatica
500 2761 595 2796 rursus
611 2743 819 2796 contunduntur.
854 2745 945 2814 Atque
969 2749 1042 2800 hune
1061 2749 1173 2801 medum
1195 2769 1245 2803 ex-

257 2827 415 2895 plicationis
437 2827 465 2881 iu
489 2844 542 2882 uno
566 2827 691 2893 exemplu
713 2829 875 2896 cognovisse
897 2837 939 2886 set
963 2834 1024 2886 erit.
1066 2833 1098 2883 lu
1120 2839 1189 2887 orat.
1213 2835 1244 2891 in

256 2912 336 2968 Vere,
352 2911 379 2977 2,
394 2910 437 2975 28,
453 2911 497 2965 tl.
520 2912 591 2983 quod
604 2902 725 2979 legitur:
746 2915 799 2966 aiei
815 2933 875 2967 uem
896 2918 964 2970 illud
980 2919 1061 2980 dicet,
1086 2920 1157 2984 quod
1173 2927 1198 2971 et
1212 2921 1244 2972 in

189 2997 216 3074 ζ’,
256 2995 405 3048 testimonie
438 2996 534 3061 reate,
565 2997 658 3065 priore
681 2998 783 3051 actione
810 3001 990 3070 interpellavit
1016 3002 1184 3054 Hortensius.
1211 3003 1244 3055 id

64 3124 78 3133 Δ,
106 3080 184 3151 „get
259 3076 359 3131 cicero
377 3084 517 3147 tamquam
538 3080 660 3149 priorem
681 3089 788 3148 partem
810 3084 963 3138 sententiae
986 3085 1110 3152 posuisse
1130 3086 1244 3154 dieitur,

10 3176 62 3237 ,qi
88 3146 144 3190 ··¹
175 3198 211 3238 :w
258 3161 337 3214 cuias
357 3164 474 3217 aiteram
489 3171 597 3233 partem
615 3165 786 3220 inveniamus
808 3169 837 3220 in
860 3171 948 3221 altere
972 3169 1073 3237 pagina
1095 3189 1119 3222 o.
1136 3170 1180 3236 30,
1196 3172 1243 3229 te.

34 3308 37 3315 Ι
57 3244 74 3301 f·
100 3308 104 3315 ι
124 3302 126 3309 Ι
147 3233 182 3281 ³3⁸
257 3247 394 3316 parisiago
413 3267 482 3300 aurae
504 3250 533 3301 io
553 3252 641 3302 altera
665 3251 767 3304 actione
790 3254 837 3305 Cas.
854 3254 1008 3305 Dolabellae
1022 3255 1148 3322 spiritus,
1177 3257 1245 3324 qnid

259 3331 340 3383 luha
354 3333 519 3385 lacrimaret
534 3335 745 3400 mucuseott'ortes
762 3336 921 3403 proferam?
945 3337 1008 3388 Hoc
1030 3337 1103 3388 serio
1127 3347 1242 3393 conten-

257 3413 339 3478 dere,
371 3416 535 3481 praesertim
556 3433 640 3484 quum
662 3424 688 3470 et
712 3418 805 3471 verbis
829 3421 857 3471 ia
878 3422 1024 3473 testimonis
1046 3423 1169 3476 additum
1194 3425 1244 3490 sit,

219 3515 224 3519 ·
257 3498 339 3564 quale
359 3498 412 3549 hcc
434 3497 504 3550 mihi
526 3499 671 3567 videatur,
701 3503 829 3569 equidem
851 3520 904 3555 non
930 3505 1027 3558 dicam.
1062 3509 1105 3558 lle
1127 3509 1192 3562 niv.
1213 3510 1242 3574 1,

256 3579 299 3644 2⁰,
319 3579 361 3634 dt).
389 3592 488 3635 narrat
511 3586 581 3636 esua
603 3588 725 3654 et'apud
744 3589 864 3639 Esaiam
889 3591 1000 3642 Vestalis
1020 3592 1078 3642 itta.
1111 3594 1146 3644 ad
1168 3595 1243 3646 haee

230 3690 233 3695 ·
260 3664 341 3718 (litos
368 3667 542 3734 „particulae
556 3677 581 3722 et
596 3670 742 3737 respondet
756 3689 779 3722 e.
796 3671 839 3724 21.
863 3674 898 3725 eit
911 3691 975 3725 susc
991 3677 1070 3727 etiam
1084 3677 1153 3727 iilud
1171 3695 1243 3729 com-

163 3762 165 3768 ·
256 3752 434 3804 merissimam
475 3754 511 3805 nt
533 3752 572 3804 sie
592 3754 679 3805 multa
701 3754 758 3807 aliu
781 3755 821 3808 ita
843 3752 1006 3823 compositu,
1033 3766 1064 3811 ut
1085 3760 1157 3812 nihil
1181 3779 1245 3813 esso

256 3831 384 3886 rideatur
403 3842 460 3888 tam
475 3836 596 3888 alienum
617 3843 709 3890 tamve
724 3838 932 3904 inconcinnum,
954 3841 999 3900 eui
1016 3845 1086 3899 hace
1109 3846 1243 3899 nnueolua

22 3912 26 3920 “
125 3990 129 4003 ι
256 3918 367 3973 thorum
382 3919 586 3973 conlibnlonon
601 3921 686 3989 possit
701 3923 799 3989 aptari.

230 4082 232 4089 ’
269 4053 361 4124 later
378 4077 454 4135 eos,
474 4055 532 4148 qui
544 4068 763 4154 praeceptum
774 4061 941 4135 Laurentii
952 4064 1062 4148 Vallae
1076 4038 1243 4162 aspernati
