2664 4756
17 1252 26 1301 r
80 1215 82 1219 .

205 259 270 329 Μ
638 247 814 316 DEINDE.

231 466 235 473 ,
317 410 412 466 maus
432 406 526 463 Praete
550 424 578 476 p.
592 404 619 465 1.
643 406 729 478 igitar
755 407 784 460 lei
809 404 968 459 rationalem
991 406 1155 472 messinam
1169 413 1257 478 profi-

284 503 389 562 tentur,
416 495 481 547 hacc
498 491 646 564 necessaria
670 509 723 545 erse
745 498 912 561 proponente
932 492 1086 545 abditarum
1109 500 1135 544 et
1155 498 1260 549 mortae

217 627 220 633 .
280 580 468 637 continentium
484 596 636 633 caussarum
651 577 790 640 notitiam,
810 576 904 630 deinde
926 577 1100 641 evidentiam,
1116 587 1175 646 post
1194 582 1261 634 loeo

217 712 222 721 .
281 667 363 720 etiam
383 665 564 717 naturalium
596 663 744 727 actionum,
782 660 918 712 novissime
944 662 1065 731 partium
1094 663 1259 721 interiorum.

222 779 226 785 ·
280 749 374 816 2,18.
395 767 421 818 p.
438 749 497 802 166.
526 767 596 818 aqua
617 747 748 804 levissima
772 744 920 814 pluviatilis
937 753 990 799 ests
1016 745 1110 797 deinde
1129 750 1259 816 fontana,

209 868 210 871 =
278 845 336 890 tom
357 853 389 888 en
401 836 531 903 flumine,
549 841 606 885 trem
630 850 661 884 cn
680 838 786 900 protem·
802 835 863 898 post
883 830 948 882 loeo
969 847 1000 882 en
1014 831 1075 882 nive
1095 840 1143 884 aut
1161 835 1259 902 glacie.

278 919 348 974 ibic.
366 939 392 989 p.
409 919 452 977 98,
470 928 527 972 tom
547 931 583 957 -'-
601 917 696 970 dcindc
712 942 747 953 ·-
764 923 822 968 tom
839 942 873 994 7-
887 921 955 986 post.
974 914 1007 980 3,
1022 913 1040 966 t
1047 914 1096 980 ,1.
1114 917 1260 973 deinde*

279 1012 338 1059 tom
355 1011 508 1072 -postero
525 1003 576 1055 dic.
593 1000 687 1066 6,11.
706 1019 733 1069 p.
748 998 809 1055 386.

308 1122 366 1178 (lic.
381 1120 415 1173 dc
430 1121 491 1176 Fin.
506 1119 539 1186 3,
554 1118 644 1185 6,·29.
660 1099 777 1188 primum
791 1122 830 1170 est
846 1117 979 1184 officium,
995 1124 1025 1170 at
1039 1136 1066 1171 se
1082 1128 1214 1173 conservet
1229 1122 1259 1174 ia

278 1214 392 1260 naturae
408 1213 496 1259 statu:
513 1207 633 1274 deinceps
656 1211 685 1258 at
707 1221 740 1256 ea
762 1210 865 1266 teneat,
884 1219 951 1270 qaae
973 1203 1114 1254 secundum
1130 1211 1259 1257 maturam

17 1307 72 1356 w*
86 1319 154 1354 ψ..)
170 1296 262 1380 muf-
276 1291 345 1355 sint,
358 1292 503 1359 ,pellatque
533 1288 765 1370 contrariasque
786 1288 894 1339 inventa
920 1288 1056 1338 selectione
1080 1315 1115 1325 -
1140 1290 1259 1356 sequitur

17 1375 55 1456 ἶ,
62 1363 264 1508 ΆΑᾋΣΜ
279 1375 401 1444 deinceps
416 1392 474 1426 com
488 1375 578 1441 officio
594 1373 711 1424 selectio:
727 1373 824 1422 deindo
836 1376 868 1423 ea
883 1378 1027 1474 perpetua,
1045 1378 1101 1425 tum
1117 1373 1154 1435 ad
1171 1381 1259 1433 extre·
1310 1434 1313 1448 Ι

17 1479 53 1516 mr
129 1488 227 1563 «ΝΜ

279 1476 351 1514 mum
365 1465 728 1526 constansconsentoneapec
743 1463 865 1511 cataroe.

295 1618 328 1676 2.
352 1610 511 1676 Similiter
527 1602 725 1696 scriptores,
748 1605 942 1692 praesertim
958 1609 1167 1686 recentiores,
1191 1611 1259 1677 sive

212 1698 408 1786 praemissis¹
423 1694 589 1762 vocabulis
612 1694 765 1781 primus,
788 1692 935 1779 optimas
961 1703 994 1757 et
1012 1693 1098 1774 eliis,
1128 1697 1196 1760 sivo
1220 1699 1260 1762 iis

212 1805 283 1847 non
299 1781 436 1880 ppsitis,
461 1803 522 1871 per
540 1778 666 1848 deinde
687 1777 889 1862 descendunt
911 1775 1023 1843 adres
1047 1781 1259 1869 ignobiliores

214 1877 249 1933 et
263 1890 418 1936 terrores.

328 1985 479 2063 Gicsllrul.
497 1983 547 2050 88,
563 1982 623 2040 361.
645 2001 802 2054 quamquam
816 1984 947 2039 inciderat
967 1987 996 2039 in
1013 1987 1105 2040 Cottae
1127 1996 1152 2041 et
1165 1989 1258 2059 Salpi-

286 2071 321 2124 cr'i
343 2078 455 2124 aetatem
471 2097 506 2112 -
525 2071 663 2122 excellente
682 2078 739 2124 tum
762 2072 858 2123 Crasso
878 2079 903 2124 et
922 2072 1052 2135 Antonio,
1078 2074 1173 2130 deinde
1195 2074 1261 2126 Pm-

283 2154 364 2224 iippo,
379 2160 439 2224 port
454 2155 531 2219 lulio,
547 2172 606 2207 cam
621 2155 654 2207 iis
668 2151 853 2231 ipsis'dicendi
860 2155 951 2225 gloria
963 2156 1175 2223 comparabatur.
1210 2159 1261 2210 El-

279 2237 397 2292 lendlius
411 2237 481 2292 vidit
493 2255 547 2292 non
561 2239 597 2292 de
615 2244 755 2307 tempore,
774 2239 820 2292 sed
836 2240 870 2292 de
882 2239 972 2292 leudis
984 2238 1173 2308 magnitudino
1192 2241 1259 2299 dici.

282 2323 354 2383 Plio.
380 2322 454 2377 nist.
477 2340 504 2376 n.
518 2322 552 2389 9,
564 2322 617 2389 28,
632 2323 676 2379 44.
702 2325 733 2376 in
749 2324 844 2392 primis
868 2323 1047 2393 praemollia
1072 2327 1260 2394 appellantur.-

282 2407 378 2460 deindc
400 2413 518 2462 contecta
541 2410 780 2473 conscisceremus,
800 2417 932 2478 postrema
948 2409 1021 2462 testie
1034 2411 1154 2462 conclusa
1176 2412 1260 2469 darie.

280 2489 388 2544 Pallet.
413 2490 447 2543 de
469 2493 513 2545 lto
527 2508 550 2546 r.
565 2492 656 2567 1212.
681 2493 714 2560 1,
728 2492 771 2551 33,
797 2501 894 2547 stercus
916 2493 1053 2545 asinorum
1069 2496 1187 2562 primum
1211 2503 1258 2564 est,

283 2577 396 2633 macime
411 2576 510 2633 tomes
531 2579 594 2631 dein
610 2579 719 2631 ovillum
732 2586 758 2631 et
779 2579 917 2648 caprinam
940 2586 966 2631 et
989 2578 1179 2637 immentorumr
1195 2598 1261 2649 por-

285 2658 373 2712 cinum
386 2677 447 2712 cero
456 2662 605 2728 pessimam,
638 2661 710 2719 Plio.
728 2661 801 2717 Hist.
815 2680 841 2717 n.
858 2661 908 2727 21,
925 2658 1015 2725 6,11.
1030 2663 1122 2732 prima
1136 2666 1261 2718 nobilitas

284 2743 502 2813 cilicio.(croco),
516 2754 543 2800 et
559 2747 597 2798 iti
610 2747 640 2799 in
653 2747 750 2816 Coryco
762 2753 866 2801 monte:
885 2747 946 2805 dein
960 2748 1027 2821 lpcio
1041 2756 1127 2807 monte
1142 2750 1260 2824 Olpmpo,

283 2841 343 2880 moe
359 2830 522 2905 centuripino
539 2831 654 2889 Siciliae,
694 2835 696 2838 ⁴

274 2937 278 2945 ’
327 2945 479 3019 Plinmist.
495 2966 521 3001 n.
532 2947 581 3016 25,
598 2949 649 3016 11,
662 2949 705 3005 81.
721 2957 760 3004 est
775 2957 862 3004 autem
877 2952 1002 3020 optimam
1019 2951 1131 3004 cilicium
1146 2954 1261 3008 cTaaro

283 3039 386 3085 montes
403 3033 463 3085 dein
471 3035 661 3104 pamphyliam.
679 3033 722 3102 25,
738 3035 780 3101 le,
796 3035 839 3088 91.
858 3034 901 3101 14,
914 3035 957 3102 26,
971 3034 1013 3087 25.
1031 3034 1073 3101 25,
1090 3036 1201 3099 13166.
1216 3037 1260 3104 31,

280 3111 307 3176 9,
314 3113 357 3170 38.
376 3117 476 3186 optima
488 3120 613 3186 scptlcica,·
627 3121 688 3172 dein
704 3122 803 3191 cypria,
816 3127 948 3190 postremo
963 3121 1100 3189 aegyptia.
1126 3122 1260 3180 Columel.

285 3196 328 3261 ll,
343 3199 368 3263 2,
376 3199 419 3254 92.
439 3221 546 3270 quorum
561 3204 660 3272 optima
674 3213 735 3257 sunt
747 3207 857 3274 ilignea,
872 3205 1107 3274 deindccarpinen,
1120 3209 1263 3276 posthaec

279 3283 417 3347 frascinea.
452 3286 547 3338 Celsus
566 3276 600 3351 3,
617 3288 642 3340 6.
665 3290 795 3359 'optimum
822 3308 856 3326 ⁵-
882 3291 977 3340 deinde
993 3319 1027 3328 -
1043 3293 1150 3341 tertium
1168 3321 1203 3329 -
1220 3309 1261 3344 ce·

283 3371 352 3420 tera.
378 3365 412 3431 6,
427 3365 459 3433 6,
474 3369 516 3421 39.
549 3389 638 3423 corum
656 3385 720 3441 ergo
741 3375 853 3441 sangnis
878 3381 979 3425 nostros
1001 3392 1098 3442 qnoque
1119 3377 1205 3426 oculos
1226 3377 1260 3428 ab

285 3457 392 3523 esterno
413 3469 476 3503 casn
489 3457 691 3522 commodissime
704 3463 809 3520 tuetur,
826 3458 873 3507 hoc
895 3457 994 3521 ordine,
1018 3467 1048 3508 nt
1063 3460 1096 3508 sit
1109 3460 1261 3512 hirundinis

288 3535 422 3601 optimas,
443 3539 536 3590 deinde
556 3518 714 3608 polemius,
745 3543 881 3592 minimum
903 3544 999 3608 efficax
1018 3544 1160 3597 columbae.
1184 3541 1216 3607 8,
1233 3542 1259 3599 1.

288 3634 315 3686 p.
332 3617 392 3672 569.
408 3624 525 3676 maxima
545 3653 579 3664 ·-
596 3626 690 3679 deinde
702 3655 737 3663 -
753 3634 817 3682 tuns.

320 3736 392 3789 Ptin.
416 3739 488 3793 nist.
507 3758 533 3794 n.
556 3741 606 3805 21,
628 3741 677 3807 18,
701 3742 743 3795 69.
770 3745 966 3797 laudatissimus
994 3746 1023 3796 in
1051 3745 1146 3795 insulis
1170 3747 1260 3811 Creta,

283 3821 344 3873 dein
358 3822 450 3887 llaec,
471 3833 497 3877 et
511 3834 603 3897 postca
619 3827 647 3878 ia
662 3827 797 3882 Phoenice.
813 3829 863 3894 21,
881 3830 931 3895 21,
950 3830 992 3883 92.
1010 3827 1061 3892 28,
1077 3828 1110 3891 9,
1129 3828 1173 3880 39.

322 3941 417 4017 Celsus
431 3939 463 4006 8,
478 3943 521 3996 29.
540 3948 631 4009 semar
657 3946 685 3998 in
705 3964 790 4000 ommes
820 3957 934 4017 quatuor
961 3955 1050 4015 partes
1070 3953 1259 4014 promoveture

282 4024 434 4091 saepissime
449 4027 477 4078 im
494 4029 660 4081 interiorem:
678 4033 771 4085 deinde
792 4035 821 4086 im
844 4035 1012 4087 assertorem.-
1031 4049 1094 4085 raro
1118 4030 1262 4087 admotum

284 4105 314 4158 io
325 4107 440 4172 priorem
456 4122 504 4166 act
513 4116 692 4183 posteriorem
