2618 4770
559 258 642 333 ΕΙΑ.
1056 275 1120 341 368

162 418 193 482 4.
214 419 285 570 Hlole
301 437 399 484 seusu
416 416 513 483 etiam
527 416 564 481 iu
585 417 690 485 ironia
704 420 816 487 locum
838 420 954 490 habet:
979 426 1036 493 ubi
1058 450 1120 492 noo

99 523 117 569 a
124 526 162 586 po
179 527 256 570 wer
272 548 281 567 .

192 624 284 680 plaut,
301 628 378 696 capt,
393 629 426 695 5,
443 626 477 694 2,
492 626 517 680 tt.
538 637 585 673 nu.
615 624 654 675 At
670 640 720 697 ego
737 629 858 693 sociam,
877 637 907 681 ot
924 631 1038 699 pudeat.-
1056 651 1120 686 oum

116 724 119 729 ·
147 709 177 760 in
192 712 313 764 ruborem
326 720 353 767 te
365 721 447 768 totum
461 719 539 770 dabo,
574 727 615 762 or.
640 712 696 764 Eia
710 714 802 765 weda:
819 715 939 782 imperito
954 716 1055 785 plagae
1068 718 1120 769 mi-

143 794 241 847 attaris
255 799 328 853 milri.
364 801 536 859 contrarium
552 799 611 853 vult
632 798 701 850 hoe:
722 814 774 866 ego
790 797 846 851 inm
863 799 945 868 longo
960 817 1011 853 usu
1025 802 1123 870 plagae

146 880 273 946 eognovi.
672 878 677 891 '
1053 890 1055 894 ’

116 1110 124 1124 .
161 1028 194 1095 5.
223 1029 297 1096 Eia
319 1059 395 1102 aero
417 1039 562 1105 formula
584 1048 651 1117 est,
676 1057 740 1122 qua
763 1034 787 1099 ii
811 1046 967 1119 utuntur,
991 1040 1048 1124 qui
1068 1040 1123 1103 ni-

99 1132 187 1178 urum
209 1117 308 1265 (guid,
337 1127 530 1210 praesertim
553 1126 587 1189 in
611 1123 707 1188 laude
732 1121 912 1203 mirantur,
943 1145 1048 1210 neque
1078 1126 1124 1199 id,

101 1199 173 1295 11οά
194 1223 211 1265 a
257 1202 359 1272 altero
383 1212 588 1283 dictumest,
613 1209 743 1272 credere
762 1207 924 1274 videntur.
968 1207 1125 1275 Germani

99 1297 214 1351 renni:
238 1292 271 1355 ei
288 1293 350 1358 der
368 1296 531 1374 tanaend,
555 1296 606 1361 vei
628 1312 759 1360 warum
782 1294 875 1358 nicht
890 1292 985 1382 gor?
1021 1295 1124 1376 Quod

99 1388 213 1437 auseae
225 1374 327 1443 fuisse
342 1383 488 1463 videtur,
512 1390 716 1468 quapropter
733 1379 867 1464 quidam
892 1382 1124 1468 interrogatio-

99 1475 156 1521 .em
176 1459 221 1524 ita
237 1467 381 1550 exprimi
395 1469 642 1533 arbitrarentur.

122 1586 125 1591 ⁴
184 1580 274 1637 Plaut.
296 1586 375 1654 Epiri.
390 1587 424 1652 2,
438 1587 473 1653 2,
490 1587 534 1642 tt.
555 1605 600 1640 ur.
622 1588 673 1640 Vos
688 1570 791 1655 pridiae
806 1602 860 1639 eaeo
878 1593 994 1656 oportet,
1012 1605 1060 1640 noe
1072 1606 1123 1657 po-

147 1667 244 1720 eorda
260 1671 361 1736 dicore,
381 1673 427 1741 poi
436 1673 499 1740 piae
513 1673 615 1740 sopitis.
650 1688 707 1724 ln·
722 1671 777 1724 ata
792 1689 862 1725 vero.
896 1674 957 1741 Age
978 1674 1029 1726 dio.
1064 1673 1124 1727 Mil.

114 1824 117 1829 ‚
147 1747 183 1816 4,
201 1749 233 1817 4,
250 1748 277 1805 4.
311 1773 355 1813 ra,
375 1758 445 1822 Quia
459 1758 527 1809 enim
543 1775 596 1808 oon
614 1773 672 1808 eam
687 1756 786 1827 dignor
796 1773 864 1825 prae
877 1764 912 1820 te,
928 1765 958 1809 ot
966 1761 1058 1827 figam
1071 1777 1125 1827 pu-

147 1834 205 1888 lum
224 1838 252 1890 io
266 1841 403 1908 parietem.
439 1859 482 1894 ao.
507 1842 562 1893 Eia
575 1859 643 1894 aero.
678 1840 796 1905 Rudt,
810 1839 844 1905 ὃ,
859 1839 885 1896 9.
919 1858 968 1894 air.
987 1843 1039 1895 Sed
1048 1843 1125 1893 Pleu-

147 1921 269 1990 eidippoo
288 1932 348 1977 tuos
369 1926 448 1980 deror
467 1927 530 1991 oti,
548 1927 658 1991 amoto,
683 1925 745 1980 eat?
763 1950 765 1954 ⁴
785 1943 832 1979 ru.
856 1926 911 1978 Eia
931 1943 1000 1979 aero.
1043 1925 1126 1992 Qooot

147 2021 204 2057 noo
217 2008 253 2059 ait
266 2008 345 2063 totos.
704 2006 712 2034 ³

185 2107 244 2161 (iic.
269 2111 303 2161 de
325 2113 369 2164 ite
394 2129 420 2179 p.
435 2111 469 2176 3,
483 2109 509 2164 5.
538 2117 564 2164 et
585 2110 698 2175 ΡΙιῑίιω,
722 2111 783 2162 ireio
804 2128 879 2175 aero,
904 2111 1006 2181 inpuitr
1029 2129 1125 2182 gerum

151 2209 251 2248 morem
264 2196 344 2255 vobis.
379 2194 527 2249 Praecedit
542 2195 603 2248 laus
619 2192 765 2263 probitatis
781 2198 810 2253 et
826 2195 986 2251 subtilitatis
996 2212 1106 2266 magua.

166 2349 199 2410 6.
218 2347 304 2410 Haec
321 2347 434 2411 omnia
447 2347 487 2411 ad
501 2346 674 2412 hilaritatis
690 2367 823 2411 sensum
844 2348 1019 2434 pertinent
1060 2348 1127 2413 Sed

99 2437 160 2493 unt
174 2431 242 2498 loci
266 2432 418 2518 qnidam,
439 2437 474 2498 in
502 2433 619 2520 quibus
641 2432 847 2519 indignantes
870 2444 924 2498 aut
945 2434 993 2498 rei
1014 2434 1126 2520 impa-

99 2514 200 2583 ientes
215 2517 409 2604 loquuntur.
453 2519 508 2584 Sic
524 2541 586 2608 per
600 2541 716 2584 vocem
735 2519 792 2583 eia
815 2518 866 2583 vei
890 2519 971 2584 aiter
994 2517 1128 2587 alteriue

99 2600 188 2666 unios
212 2624 323 2667 mores
353 2604 512 2681 miratur,
550 2604 602 2670 vel
632 2627 707 2669 cum
732 2603 955 2693 indignatione
984 2604 1127 2693 aliquem

99 2686 209 2753 uocat.
252 2689 381 2753 Eodem
400 2690 505 2755 modo
533 2692 630 2754 etiam
653 2691 1073 2778 impatientiaexprimitur
1091 2689 1128 2751 in

101 2774 279 2860 aetigaudis
300 2775 358 2856 iis,
380 2776 437 2861 qui
460 2787 587 2839 cessant
610 2787 642 2840 et
663 2796 794 2839 moram
818 2775 947 2840 trahere
964 2775 1128 2849 uidentur.

99 2859 244 2925 iimiiiter
259 2860 375 2924 Graeci
391 2857 448 2924 εἶα.
492 2860 607 2946 Eurip.
622 2861 729 2948 Iphig.
748 2860 851 2924 Taur.
870 2862 962 2924 1423.
1000 2859 1128 2922 Recen-

98 2944 188 3010 ioreo
212 2945 270 3008 eie
292 2969 361 3034 age
386 2946 421 3010 in
443 2966 650 3033 quacumque
673 2958 711 3012 're
731 2944 941 3034 properanda
964 2943 1128 3009 dixerunt.

99 3028 128 3098 f·
151 3030 193 3097 Τ.
211 3036 241 3097 1.
264 3053 298 3121 p.
313 3035 388 3095 212.

188 3151 279 3287 Pluuqt
299 3150 385 3204 Mero.
403 3149 437 3216 5,
453 3151 485 3219 4,
499 3149 541 3206 36.
567 3151 675 3239 porgio’
696 3158 727 3213 ta
749 3158 853 3217 autem,
880 3151 923 3205 eia
943 3151 1067 3222 operte,
1085 3150 1128 3203 io-

150 3236 245 3290 vetere

187 3338 280 3397 Plaut.
308 3339 389 3393 Most.
411 3338 444 3406 6,
467 3340 501 3406 1,
519 3339 562 3393 tl.
582 3341 644 3405 oio,
670 3340 817 3409 mastigia,
838 3302 875 3393 od
896 3353 938 3390 me
956 3337 1021 3396 redi.
1055 3337 1127 3392 Plin.

122 3462 125 3467 -
151 3421 242 3492 Epist.
262 3422 294 3487 4,
312 3423 364 3490 26,
383 3425 408 3479 1.
435 3426 478 3480 eia
498 3432 543 3490 ta,
567 3442 646 3494 paam
664 3425 783 3495 proxime
808 3440 850 3477 roe
875 3429 1005 3492 agentur,
1028 3440 1129 3501 poopuo

151 3509 231 3561 mdo
249 3504 469 3563 adiudicandum
481 3511 549 3568 veni,

190 3609 268 3679 Virg.
286 3610 353 3665 Aen.
370 3611 404 3676 9,
423 3611 465 3665 at.
481 3616 553 3680 serta
567 3611 742 3678 edissertum,
764 3612 827 3664 dote
844 3612 914 3676 telo,
931 3612 1050 3668 eeaodite
1071 3631 1130 3666 mo-

153 3710 215 3759 ror,
232 3696 312 3746 tortia
327 3695 413 3754 adest.
430 3699 508 3753 Eia.
525 3697 544 3750 i.
561 3713 585 3750 e.
606 3695 671 3764 quid
691 3695 827 3749 cereatini
850 3695 884 3762 4,
900 3695 962 3748 666.
977 3698 1078 3751 videbis
1095 3729 1130 3739 -

153 3778 212 3836 ium
223 3781 329 3844 favore
343 3781 425 3833 litora
433 3782 570 3849 fiammis,
586 3781 611 3832 ei
626 3787 653 3833 te
671 3780 712 3832 tio
724 3781 845 3848 attigerit
858 3782 936 3832 weris
953 3783 1060 3837 Aurora
1074 3803 1130 3836 mo-

130 3902 133 3907 -
152 3869 266 3922 euntem.
302 3864 357 3919 Eia
377 3882 444 3934 age,
462 3883 553 3935 rumpo
572 3881 668 3918 moros.
709 3863 785 3916 Vnde
801 3863 920 3927 formula
933 3867 1071 3933 epicorum
1087 3869 1131 3922 aio

153 3965 224 4018 ogo,
242 3965 334 4017 rumpe
348 3966 444 4005 moras.
476 3950 548 4011 Stat.
563 3949 630 4004 eloh.
646 3947 679 4012 2,
695 3946 754 4008 198.
772 3947 828 4006 vid.
841 3951 936 4005 Burm.
957 3952 991 4003 ad
1005 3952 1129 4018 Propert

153 4031 190 4098 1,
204 4033 239 4097 1,
256 4028 298 4085 21.
315 4031 376 4087 Vel.
388 4032 482 4085 Fidae.
498 4031 529 4097 8,
545 4032 605 4085 116.
626 4034 684 4098 eiu,
702 4050 750 4102 poa·
767 4034 852 4101 ipmm
870 4036 974 4098 scande,
988 4052 1047 4103 age.
1073 4037 1132 4090 Ho-

154 4122 208 4178 rat.
230 4116 288 4175 sat.
312 4116 345 4182 2,
359 4114 392 4182 6,
406 4115 449 4171 26.
474 4117 537 4182 eia,
556 4134 589 4171 oe
600 4117 675 4184 prior
696 4117 784 4184 offitio
807 4120 942 4189 φιίεᾳυαπι
964 4121 1128 4189 respondeat,
