2618 4770
551 231 715 299 DONEC.
903 328 908 339 ·
1105 243 1168 308 295

107 383 280 451 mittimur
286 381 457 470 Elysium,
476 394 510 449 et
521 385 631 469 pauci
645 385 743 451 laeta
758 409 850 453 arva
866 403 1037 457 tenemus:
1059 393 1166 460 donec

108 470 218 559 longo
233 468 310 533 dies
324 503 368 519 -
383 481 579 534 coneretam
599 473 724 536 exemit
741 471 863 539 labem.
905 480 947 539 Aa
963 488 1038 541 ante
1054 482 1167 545 omnia

110 578 243 643 quaero,
261 556 334 641 quis
350 575 511 641 umquam
523 555 624 621 latine
638 556 761 622 dixerit
772 581 874 645 qreum
888 562 1057 629 tanatem?
1075 564 1166 629 'I'urn

110 639 414 707 rerodoneo'nibil
438 640 615 729 signifieat,
646 665 746 730 quam
774 656 924 735 tempus,
954 649 1046 734 quod
1070 661 1165 716 ante·

111 727 219 805 cessit,
246 725 522 793 esse-absolutum
548 738 581 794 et
602 729 829 798 terminatum.

117 948 121 955 ,
183 886 218 948 7.
249 880 305 949 Da
324 881 576 953 usumodorum
599 885 804 973 grammatici
823 899 1088 975 composuerunt
1107 911 1162 953 re-
1222 953 1225 961 ,

112 966 195 1054 galas
211 967 303 1033 baud
322 969 522 1056 probabiles.
570 970 664 1043 Inter
687 982 812 1035 veteres
844 972 1010 1038 Charisius
1030 998 1063 1060 p.
1084 980 1160 1041 202.

112 1064 137 1118 at
158 1054 342 1141 Diomedes
366 1078 400 1141 p.
415 1060 491 1134 38].
509 1077 614 1121 unum
641 1056 890 1133 coniunctivum
915 1059 992 1122 huic
1017 1060 1161 1125 coniun-

109 1139 206 1213 ctioni
228 1140 430 1229 tribuerunt.
475 1141 519 1204 Et
541 1141 762 1207 Kellmannus
787 1144 827 1207 ad
851 1144 1000 1211 Nollenii
1021 1146 1101 1220 Lex.
1125 1170 1161 1232 p.

108 1230 197 1299 2170,
238 1224 429 1297 observasse
461 1249 498 1301 se
525 1238 670 1311 narrat-‚2
697 1229 912 1293 indicativum
949 1251 1025 1303 cum
1054 1231 1163 1308 denec

107 1310 272 1376 rarissime
303 1335 321 1376 a
349 1313 509 1399 prosaicis
543 1313 762 1413 scriptoribus
799 1316 973 1403 coniungi:
1022 1338 1091 1380 esse
1125 1317 1161 1381 id

108 1396 210 1484 poetis
237 1398 427 1486 proprium.
478 1398 618 1464 Plurima
645 1400 899 1485 significationes
952 1401 1098 1464 samaia
1129 1412 1162 1464 et

108 1504 281 1570 quousque,
309 1485 355 1556 ita
384 1484 713 1565 discriminaverunt,
752 1496 789 1564 ut
819 1486 898 1551 huie
927 1425 1023 1551 bteri
1055 1506 1160 1551 unum

108 1568 355 1639 coniunctivum
386 1571 607 1671 assignarent.¹
653 1571 717 1635 S'ed
744 1572 784 1635 G.
817 1572 906 1636 Frid.
933 1570 1160 1637 Grotefendus

108 1652 222 1742 aliique
234 1654 646 1737 docent‚.cen1unctivum
660 1659 761 1745 poni,
782 1658 839 1722 ubi
856 1657 1009 1722 futurum
1026 1668 1158 1744 ternpus

108 1740 140 1804 rit
154 1744 342 1806 incertum:
374 1743 463 1828 quod
481 1745 655 1829 quomodo
676 1756 800 1809 acerto
818 1745 1054 1825 distinguatur,
1087 1766 1159 1807 non

108 1825 195 1891 boile
228 1827 441 1917 intelligitur:
481 1851 589 1914 neque
621 1841 758 1917 apparet
784 1832 817 1894 in
850 1830 953 1895 allatis
986 1829 1158 1915 exemplis.

108 1912 346 1977 lamshornius
365 1934 444 1978 vero
461 1936 495 1977 n.
515 1917 586 1987 1854
602 1921 634 1980 8.
655 1916 865 1980 coniunctivo
888 1916 1035 1980 attribuit
1055 1915 1160 2001 signi·

108 1996 293 2063 icationem
310 1999 508 2063 conditionis
527 2002 767 2089 exspectandae
786 2003 837 2067 vel
852 2001 1002 2075 futurae,
1029 2000 1160 2065 indica-

111 2086 167 2149 iv'o
193 2095 309 2149 autem
334 2106 387 2149 res
415 2086 517 2150 modo
543 2089 734 2152 exsistentes
765 2098 820 2151 aut
843 2090 909 2151 iam
936 2086 1102 2150 absolutas
1127 2095 1160 2151 et

109 2168 286 2255 ¹>er-fectum
313 2171 495 2258 quodque
514 2184 612 2261 pacto
638 2173 719 2236 locis
750 2173 819 2237 Liv.
837 2178 891 2253 21,
916 2176 968 2237 28.
994 2184 1025 2236 et
1049 2178 1102 2251 233
1127 2176 1160 2235 3.

109 2255 325 2343 :emprobari'
344 2259 506 2344 potuerit,
548 2272 617 2346 ego‘
633 2280 703 2321 non
730 2279 896 2344 assequor.
954 2257 1017 2321 Res
1046 2258 1092 2320 ita
1123 2279 1160 2319 se

109 2342 212 2407 rabel.
269 2341 343 2405 vbi·
359 2343 442 2406 ratio
468 2341 594 2407 definiti
619 2345 780 2432 temporis
804 2354 853 2409 cst
874 2342 1036 2430 simplex,
1061 2352 1161 2490 atqlue

109 2426 225 2515 rliqnid
249 2426 370 2492 dieitur
393 2451 463 2494 esse
486 2429 584 2493 simul
606 2451 683 2494 cum
707 2429 768 2494 alia
787 2438 850 2511 re,'
868 2439 1009 2493 autesse
1034 2426 1073 2492 ad
1096 2426 1159 2491 ai-

109 2534 202 2601 prem
230 2534 335 2601 usque
361 2515 563 2597 terminum,
597 2516 632 2579 in
659 2538 726 2603 quo
759 2516 845 2581 aliud
875 2514 953 2602 quid
981 2524 1160 2578 externum

109 2598 302 2665 recedatvel
316 2597 458 2665 fortuito
473 2602 535 2665 vel·
549 2611 637 2665 certe
660 2624 731 2665 nou
752 2624 795 2667 ex
817 2602 865 2666 rei
890 2601 1079 2665 necessitate
1103 2608 1160 2661 aut

109 2684 140 2751 le
158 2684 322 2766 consilio,
344 2686 541 2773 ibi-ponitur
555 2688 762 2753 indicativus.
812 2687 1031 2753 Coniunctivo
1047 2695 1160 2751 autern

113 2792 194 2837 ocus
215 2781 277 2847 est,
307 2771 365 2835 ubi
386 2772 559 2837 intercedit
573 2796 681 2839 nexus
697 2772 843 2859 partium
860 2774 1038 2859 temporis,
1058 2780 1091 2833 et
1106 2791 1160 2832 res

110 2868 265 2945 ¹serpstua
290 2857 410 2921 dieitur
435 2860 470 2923 in
500 2860 597 2923 aliam
627 2858 774 2923 traducta
807 2880 893 2936 esse,
927 2858 998 2920 sive
1016 2856 1080 2919 hoo
1102 2853 1161 2917 liat

110 2943 265 3023 consilio,
281 2944 348 3007 sire
365 2965 488 3007 caussa.
534 2944 633 3025 Quod
649 2946 697 3008 sie
713 2945 838 3025 evenit,
859 2941 982 3033 pendet
1000 2940 1041 3006 ab
1059 2940 1161 3004 altera

110 3050 147 3093 ·e.
202 3028 318 3109 Quare
346 3031 572 3094 coniunctiuus
599 3032 679 3117 poni
709 3041 839 3118 potest,
883 3028 1016 3114 quando
1042 3026 1161 3089 dicitur

110 3114 148 3178 rel
163 3114 362 3200 intelligitur
375 3139 442 3180 non
453 3115 594 3196 diutius,
613 3127 645 3179 et
662 3112 956 3202 irorapriusquam,
974 3124 1006 3177 et
1022 3114 1057 3177 in
1076 3134 1161 3175 eon-

110 3201 286 3265 ttructione
310 3200 510 3273 formarum,
523 3224 592 3266 non
618 3202 862 3281 absolutarum,
895 3222 978 3286 quae
997 3197 1160 3263 suatim-

110 3286 288 3353 ›erfeetum
314 3298 346 3352 et
370 3288 446 3377 plus
472 3286 750 3376 uampcrfeetum.
803 3291 959 3354 Ceterum
984 3283 1161 3371 scriptori-

110 3394 160 3439 ›us
176 3374 422 3461 saepenumero
445 3314 543 3440 datur
570 3376 683 3461 optio,
716 3386 791 3441 utra
815 3375 946 3439 ratione
966 3374 1014 3443 uti
1030 3369 1163 3441 malina

110 3460 318 3529 leoentiores
335 3458 706 3549 magisdelectabant'ur
722 3460 948 3527 coniunctius.

184 3580 345 3645 Praesens
365 3598 469 3667 quum
487 3580 728 3646 historicorum
747 3602 843 3645 more
865 3582 1006 3669 ponitur
1027 3586 1084 3640 ant
1102 3597 1183 3673 ao·.

111 3668 200 3731 'istus
220 3676 287 3747 est,
317 3668 532 3733 indicativum
548 3690 659 3732 sccurn
676 3666 792 3732 habet:
813 3667 996 3731 ubi-autem
1017 3663 1093 3727 finis
1110 3682 1163 3724 in-.

111 3750 264 3841 elligitur
279 3753 314 3816 in
332 3765 424 3819 certo
439 3755 603 3832 termino,
623 3753 664 3817 ad
684 3776 784 3841 quem
803 3775 908 3839 usque
925 3774 978 3817 res
992 3747 1165 3839 protrahi·

114 3860 176 3923 ur,
196 3848 235 3903 ut
249 3849 417 3921 mutetur,
441 3838 652 3907 coniunctim
671 3840 824 3927 exprimit
832 3861 880 3903 ur.

169 3966 181 3991 '·
203 3958 354 4013 indicativi
372 3962 501 4028 exempla
521 3940 556 4013 ἃ
576 3976 610 4011 eo
635 3976 755 4029 genem
786 3959 858 4027 qrrud
875 3957 1004 4027 quarudia
1018 3950 1166 4021 significat,

169 4046 230 4099 lum
243 4064 328 4114 snpra
346 4046 449 4103 addidi.
486 4047 519 4098 lu
538 4044 574 4099 iis
588 4045 758 4101 coniunctivi
778 4046 885 4099 nullum
905 4060 967 4098 aare
987 4041 1098 4102 locum,
1117 4053 1168 4105 per

172 4146 204 4185 aa
218 4136 306 4201 patet·
362 4176 366 4181 .
