2664 4756
616 263 725 337 CVM·
1140 273 1204 341 166

227 421 272 488 Et
286 428 396 510 potest
411 439 465 484 res
481 417 660 483 coniuncta
675 416 762 499 dini,
782 438 870 506 quae
882 425 1057 507 tamquam
1082 426 1205 493 eondi-

137 509 192 574 tio
211 508 385 582 adhaeret,
405 505 506 570 veluti
520 505 608 592 apud
625 503 779 569 Curtium
795 509 835 585 6,
853 511 892 586 7,
906 508 939 569 ὅ.
961 507 1070 573 atille
1092 524 1208 596 retica,

139 594 251 673 nibil,
274 592 365 681 quod
380 591 578 657 etiamnum
589 589 747 676 periurio
768 589 1001 681 detegendum
1004 590 1121 679 fieret,
1143 598 1205 663 in·

139 680 363 747 dicaturum:
377 678 399 742 i.
415 699 445 741 c.
461 674 557 758 nihil,
577 674 668 763 quod
684 685 721 740 ut
739 675 947 765 detegeretur
963 700 1096 745 necesse
1109 694 1205 768 esset,

140 768 240 834 edam
261 764 406 829 admisso
423 760 584 850 periurio.
618 762 706 827 Haec
722 772 792 826 tam
810 763 931 829 similia
948 774 1024 829 sunt
1043 766 1095 847 iis,
1142 790 1204 834 uae

139 853 283 931 modum
293 851 341 916 rei
349 848 494 939 agendae
506 846 677 929 deliniunt,
688 857 724 912 ut
736 848 792 913 vix
801 848 951 934 dignosci
954 852 1100 949 possint.
1149 878 1206 923 am

142 959 249 1029 quum
264 937 376 1001 Livius
392 941 454 1015 22,
470 938 533 1016 82,
550 939 584 1011 1.Ι
596 932 659 998 aits
681 932 835 998 eonsules
854 932 959 999 Fabii
977 936 1110 1001 artibus
1126 962 1205 1005 oiim

142 1047 282 1090 aramma
299 1023 390 1087 inter
403 1044 440 1085 ee
459 1018 646 1085 eoticordia
667 1016 791 1082 bellum
804 1030 1004 1107 gesserunt,
1026 1032 1059 1088 et
1083 1028 1204 1092 condi-

142 1112 195 1177 tio
221 1109 382 1174 comitans
404 1106 619 1195 intelligitur,
646 1113 679 1167 et
702 1103 759 1185 id,
799 1102 892 1190 quod
913 1106 1055 1171 modum
1085 1113 1205 1199 agendi

144 1195 333 1263 constituit.
389 1192 432 1258 Et
457 1212 561 1279 quum
587 1190 766 1258 Suetonius
794 1191 886 1257 Caes.
911 1194 965 1255 70.
996 1191 1204 1263 decumanos

143 1281 281 1350 Romae'
305 1301 383 1346 cum
411 1276 609 1365 ingentibus
631 1274 737 1341 minis
757 1298 952 1363 summoque
972 1278 1081 1345 etiam
1110 1283 1206 1353 sardis

137 1367 298 1458 periculo
314 1364 513 1441 missionem
530 1372 564 1427 el
573 1362 737 1449 praemia
752 1359 981 1511 flapitautes:
1003 1386 1073 1429 esse
1094 1379 1207 1454 potest

144 1452 430 1520 intermisisset
448 1448 668 1537 perminus.
711 1447 781 1511 Nec
828 1448 955 1512 istinxit
977 1448 1059 1514 haee
1083 1470 1213 1539 genera·

142 1540 280 1608 Beierus
299 1537 339 1601 ad
358 1536 427 1602 Cio.
452 1536 493 1601 de
516 1532 584 1599 Off.
611 1539 649 1612 1,
668 1536 725 1614 18,
742 1533 795 1597 40.
818 1556 853 1623 p.
873 1538 946 1597 102.
991 1534 1096 1623 Saepe
1117 1538 1209 1607 idem

146 1625 347 1715 exprimitur
368 1620 476 1688 verbis
492 1644 563 1685 non
584 1618 678 1701 eine,
703 1616 806 1684 veluti
829 1620 923 1685 Cart.
941 1623 972 1699 6,
989 1624 1021 1702 7,
1036 1627 1091 1689 88.
1114 1627 1207 1691 veri.

144 1724 232 1795 tum,
254 1733 298 1781 ne
311 1709 466 1799 iurgium
480 1706 572 1772 inter
587 1716 782 1779 amatorem
797 1717 833 1775 et
854 1704 1023 1777 exoletum
1044 1732 1116 1777 non
1129 1712 1206 1783 eine

144 1799 221 1867 risu
240 1797 391 1865 abarum
413 1792 603 1865 detulisset.

233 1955 285 2019 10.
306 1946 465 2017 Eiusdem
481 1948 612 2036 generis
629 1955 726 2024 sunt,
748 1946 784 2013 in
801 1946 920 2035 quibua
938 1946 1005 2013 duo
1022 1946 1205 2017 substanti-

146 2055 189 2103 va
208 2060 272 2137 per
284 2034 868 2134 praepositionem‘coniunguntup
893 2050 1040 2133 quorum
1063 2034 1206 2103 alterum

145 2120 272 2190 iudicat
287 2121 429 2187 modum
445 2131 478 2183 et
495 2120 728 2185 conditionem
744 2119 877 2185 alterius
892 2142 952 2186 rei.

262 2242 322 2298 cic.
343 2260 371 2310 p.
396 2241 472 2293 Sext.
485 2237 534 2303 45,
551 2237 595 2291 98.
623 2239 652 2289 td
669 2238 739 2307 quau
759 2245 798 2290 est
815 2239 1076 2308 penetrantissima
1091 2268 1128 2285 -ι-
1144 2258 1205 2295 cun

218 2327 355 2394 dignitate
373 2326 464 2377 otium.
484 2322 505 2375 i.
519 2339 543 2374 e.
565 2321 636 2389 qnod
658 2337 752 2374 secum
773 2323 860 2376 hebet
876 2322 1049 2391 dignitatem.
1068 2324 1104 2378 ad
1124 2326 1206 2383 Fam.

160 2476 163 2481 Ι
217 2409 250 2473 1,
266 2408 299 2473 9,
314 2406 360 2460 uo.
384 2408 418 2460 tle
430 2406 491 2461 rin.
507 2405 541 2471 8,
558 2404 594 2471 6,
608 2404 653 2463 20.
677 2408 795 2474 uquam
811 2407 933 2475 aeneas·
953 2424 1011 2459 mm
1032 2408 1121 2474 officio
1140 2413 1207 2464 cele·

219 2492 278 2546 ceta.
296 2490 318 2545 ἰ.
333 2508 359 2545 c.
377 2490 424 2545 cul
437 2490 590 2545 iniunctum
601 2496 648 2543 cet-
656 2490 790 2545 officim·
822 2492 903 2557 Haec
916 2507 972 2547 non
988 2492 1060 2551 banc
1074 2493 1209 2564 explicuit

175 2634 179 2641 ,
216 2576 337 2641 Baianus
351 2575 518 2635 adilinda
539 2573 595 2633 ssll'.
616 2574 653 2631 T.
665 2574 692 2629 1.
710 2594 739 2648 p.
752 2576 835 2635 1⁰2.

235 2734 287 2797 11.
307 2728 429 2796 Modus
447 2750 561 2795 rerum
580 2728 782 2817 agendarum
797 2727 843 2793 ita
861 2738 973 2816 potest
997 2726 1145 2810 definiri,
1168 2739 1207 2794 ut

147 2813 222 2902 ipae
242 2815 364 2881 modus
381 2814 421 2880 ad
436 2836 511 2879 rem
528 2814 688 2903 agendam
704 2813 851 2880 adhiberi
868 2824 900 2878 et
917 2836 994 2878 cum
1010 2837 1046 2880 ea
1061 2816 1207 2879 coniun-

148 2902 185 2989 gi
200 2902 341 2967 dicatur.
386 2900 481 2985 Quae
495 2901 595 3001 igitur
613 2899 775 2965 adverbiis
799 2898 1012 2987 designantur
1037 2898 1207 2963 conditio·

147 3008 207 3055 nea
228 2986 277 3053 rei
297 2986 463 3073 agendae,
485 2998 598 3055 etiam·
603 2984 891 3135 praepositionem
914 3004 992 3049 eam
1015 2982 1207 3060 admittunt,

146 3070 207 3137 ubi
223 3094 292 3141 non
314 3092 445 3153 caussa,
468 3073 525 3144 sed
542 3093 599 3137 mo
626 3094 663 3136 us
678 3068 844 3136 adhibitus
863 3067 1075 3159 significatur.
1110 3060 1207 3151 'Nam

149 3156 292 3224 ablativo
310 3146 512 3248 exprimitur
534 3178 666 3237 caussa,
690 3154 782 3241 quasi
796 3156 832 3219 in
853 3175 921 3225 uno
939 3154 1014 3219 loco
1037 3175 1113 3220 cum
1135 3154 1208 3243 ipsa

149 3260 189 3311 re
207 3245 336 3331 posita,
361 3253 393 3308 et
410 3265 487 3308 cum
503 3264 540 3309 ea
556 3265 621 3309 sua
632 3252 753 3330 sponte
768 3238 948 3307 cohaerens
965 3250 1020 3306 aut
1044 3240 1207 3309 conflatae

148 3332 400 3418 praepositione
423 3328 547 3394 adiecta
567 3339 716 3395 mutatur
736 3329 842 3404 ratio,
873 3328 954 3395 dum
983 3328 1148 3395 actionem
1173 3337 1208 3392 ct

148 3414 294 3480 modum
313 3429 382 3483 tam
406 3410 580 3481 uam'duas
604 3438 659 3501 res
675 3413 715 3478 ab
739 3436 798 3493 eo,
829 3413 886 3501 qui
907 3414 991 3503 agit,
1014 3413 1206 3479 coniunctas

149 3500 313 3567 videmus.
363 3438 423 3566 llla
448 3500 639 3566 coniunctio
668 3498 852 3591 percipitur
875 3496 1095 3587 cogitatione}
1115 3496 1207 3567 'hacc

150 3598 312 3655 autema
339 3598 430 3672 paret
468 3586 648 3674 conspicua
684 3586 720 3650 in
760 3584 858 3651 rebus
889 3586 969 3673 ipsis
1006 3585 1205 3651 coniunctis.

152 3673 265 3754 Quare
278 3678 300 3737 'a
314 3609 412 3735 lionis
437 3674 573 3759 quidem
596 3670 813 3759 scriptoribus
836 3670 917 3735 haec
939 3671 1038 3735 dictio
1063 3690 1206 3759 usurpa-

150 3770 226 3841 tur,
266 3756 401 3844 quando
439 3760 564 3843 agentis¹
603 3779 747 3861 persona
782 3758 818 3819 in
857 3750 1205 3845 conspectum-'eadm

149 3842 357 3930 Praepositio
384 3844 471 3908 enim
494 3838 633 3931 requirit
656 3866 692 3907 ae
718 3841 890 3907 constituit
919 3843 1096 3909 notionem
1124 3842 1209 3918 eius,

152 3922 212 4016 q‘tu
227 3932 311 4017 agit,
334 3928 623 3995 ablativusautem
646 3929 801 4008 aetionis,
827 3949 910 4027 quae
934 3929 1051 4012 agitur.
1093 3926 1142 3993 Ita
1155 3926 1207 4009 fit,

149 4026 190 4081 ut
213 4016 418 4103 praepositio
442 4036 607 4105 personae
632 4014 729 4079 alicui
754 4013 878 4099 aliquid
900 4014 1049 4079 tribuens
1072 4012 1208 4101 perspi·

153 4102 311 4195 cultatem
342 4111 441 4193 atque
469 4100 538 4169 vim
560 4099 718 4197 urationi
749 4098 867 4193 addat,
902 4109 935 4167 et
966 4098 1146 4191 imprimis¹
1169 4098 1207 4167 in
