2664 4756
501 270 718 355 EQ'VIDEM.
1071 280 1140 347 426·

84 432 293 507 vocabulum·
311 431 352 498 ed
379 429 612 518 designandum
643 439 675 494 st
705 429 966 496 coufirmundem
986 430 1068 500 're'm
1093 438 1137 501 ub

86 520 179 607 ipso,
195 521 251 605 qui
267 521 580 605 loquitur,fuo1um.
625 519 737 598 Quare
756 527 908 604 usurpat,
938 521 992 610 qui
1012 523 1138 608 aliquid

88 628 164 669 ass
186 629 261 671 vers
283 605 410 677 festum
435 628 503 677 esse
526 604 623 685 dicit,
650 613 706 666 eut
726 602 848 687 aliquid
872 603 912 666 de
929 626 964 668 se
982 606 1136 674 aiiii-mut.

86 689 256 776 Imprimis
279 692 413 764 osrede
436 691 595 761 sententie
617 699 650 752 et
675 688 715 750 de
739 691 869 763 animo:
894 711 995 775 quare
1010 696 1137 778 see'pis-

87 776 172 842 sime
188 778 401 864 componitur
424 799 501 841 cum
524 776 628 841 verbis
645 785 751 861 puto,
784 775 872 851 scio,
896 776 1016 858 credo,
1039 778 1137 843 arbi-

88 871 180 947 tror,
202 874 237 934 ut
251 865 300 943 ei,
321 864 380 951 qui
397 864 505 944 audit,
529 884 666 933 omnem
683 857 922 933 dubitationem
939 865 1072 938 eximet.
1130 898 1140 953 .-

190 1020 282 1074 Pleut.
297 1020 398 1089 Amph.
418 1018 445 1083 1,
465 1017 492 1081 1,
516 1015 579 1070 255.
600 1015 721 1084 *squidem
746 1015 823 1066 Sosia
844 1017 1046 1085 Amphitruonis
1070 1038 1137 1076 sum.

90 1147 94 1156 .
154 1104 272 1171 2282.
301 1124 343 1158 so.
370 1102 491 1157 insania.
520 1119 566 1155 ιι..
593 1102 723 1170 Equidem
739 1117 887 1154 semesum.
922 1102 1034 1156 Terent.
1045 1104 1137 1159 Hoetu.

155 1189 223 1256 3,2,
237 1189 280 1242 36.
303 1190 389 1257 facile
403 1187 523 1257 equidem
531 1189 625 1253 secere
637 1201 757 1253 possem,
783 1184 808 1236 si
825 1185 906 1238 iubes.
923 1184 949 1251 4,
965 1186 993 1252 3,
1006 1186 1050 1240 31.
1076 1190 1138 1243 huie

156 1276 276 1345 equidem
292 1274 398 1327 semilis
412 1273 532 1341 palmum
551 1271 593 1323 do.
629 1270 721 1322 Pleut.
742 1268 869 1334 Poeml,
887 1269 913 1334 2,
929 1269 972 1324 82.
1000 1289 1048 1325 se.
1072 1274 1090 1325 1
1095 1260 1139 1326 ¹iss

155 1360 257 1412 melem
272 1376 335 1411 rem.
360 1374 404 1410 sn.
429 1357 472 1409 Iti
486 1373 544 1408 sum
557 1355 684 1424 equidem.
720 1350 777 1406 cte.
794 1352 829 1405 ad
840 1353 918 1405 Fam.
929 1353 955 1419 6,
967 1354 1043 1420 4,14.
1064 1359 1138 1427 equi-

156 1445 217 1497 dem
238 1444 305 1507 miti
328 1442 416 1507 omme
433 1458 560 1523 propono,
581 1438 615 1502 de
629 1437 691 1493 Fin.
708 1437 736 1513 2,
750 1436 776 1515 9,
789 1436 832 1493 26.
867 1439 937 1519 quod
951 1441 1068 1509 equidem
1084 1460 1138 1496 uses

158 1529 329 1598 remstede
1200 1535 1203 1541 '

193 1631 265 1684 cum
277 1629 436 1700 praeterito.
471 1630 584 1685 Terent.
599 1630 669 1683 Eun.
684 1629 710 1695 2,
726 1627 807 1694 332,
824 1628 854 1683 id
864 1630 982 1697 equidem
997 1631 1139 1685 adueniens

157 1716 540 1769 meeemstmueeisaturmsde.
557 1714 669 1780 2381.
686 1714 928 1782 ieeeteseqeidsm.
948 1715 1137 1780 neumae.

157 1801 315 1869 iampridem
336 1800 454 1867 equidem
476 1801 585 1864 audiui,
608 1800 704 1867 cepisse
723 1799 812 1851 edium
832 1799 874 1853 toi
895 1799 1085 1853 Philumenam.
1110 1800 1137 1867 5,

155 1884 182 1952 4,
199 1885 242 1939 36.
261 1884 378 1954 equidem
394 1885 454 1951 pius
474 1883 552 1936 isedie
575 1884 636 1935 boui
648 1885 706 1948 sesi
720 1885 873 1952 imprudens
888 1902 967 1951 quem
979 1885 1063 1949 sciens
1076 1893 1139 1941 cem

156 1972 227 2023 kene
246 1971 315 2023 diem
335 1984 469 2037 umquam,
502 1967 583 2035 epid.
600 1966 627 2032 3,
645 1965 671 2030 4,
685 1967 728 2020 48.
748 1969 867 2036 squidem
889 1968 975 2020 herois
995 1979 1139 2040 argentum

155 2057 268 2126 pesitus
283 2055 352 2106 dedi.
388 2053 475 2105 Mese.
487 2051 515 2117 2,
528 2051 556 2117 3,
565 2051 608 2104 66.
643 2051 756 2105 Terent.
770 2053 861 2105 Heeu.
877 2050 902 2116 4,
918 2052 944 2117 1,
953 2053 978 2105 3.
996 2056 1052 2107 disi
1065 2057 1139 2124 equi-

156 2141 232 2204 dem,
244 2139 296 2205 ,stt
311 2139 349 2191 mi
363 2136 516 2200 ostendisti,
534 2137 593 2187 ilico
608 2153 666 2186 eum
680 2153 741 2186 esse.
758 2135 778 2187 i.
795 2153 819 2188 s.
837 2137 880 2187 isis
894 2138 962 2188 itote
974 2139 1008 2203 je
1020 2141 1139 2208 sogieieh

157 2231 265 2294 gesegt.
294 2223 393 2280 Horat,
416 2220 473 2271 Set.
488 2219 514 2283 2,
535 2216 561 2281 5,
584 2217 853 2286 tumescentem,
879 2228 904 2272 et
926 2221 991 2272 dios.
1030 2222 1087 2275 cte.
1104 2224 1138 2277 de

156 2303 465 2372 oiv.1‚6‚11.etttt‚
486 2304 589 2371 iuquit,
615 2303 733 2370 equidem
755 2303 826 2355 movi.
851 2303 885 2355 ed
900 2304 977 2357 Fum.
992 2306 1035 2373 11,
1051 2307 1093 2372 29,
1111 2308 1147 2364 4,.

159 2393 277 2460 equidem
292 2397 318 2442 et
333 2392 394 2440 oute
409 2388 457 2439 hoe
468 2394 570 2455 tempus
583 2394 610 2439 te
625 2387 706 2439 dilexi
713 2425 721 2451 ‚
755 2394 782 2439 et
795 2405 895 2459 semper
909 2406 950 2442 me
972 2409 990 2442 a
1011 2399 1038 2454 te
1059 2384 1141 2463 diligi

158 2477 236 2528 sensi.
263 2474 305 2539 12,
316 2472 359 2537 36,
369 2471 395 2524 9.
414 2471 538 2540 requisivi
550 2472 667 2540 equidem
676 2470 802 2540 proprius
812 2473 848 2527 ed
863 2491 903 2524 me
915 2492 998 2527 unum
1006 2478 1139 2551 epistolas.

157 2558 201 2625 16,
219 2559 262 2626 12,
277 2559 303 2612 2.
332 2557 466 2627 equidem,
492 2562 523 2608 et
544 2557 605 2610 veui
627 2558 664 2608 ed
686 2558 792 2622 urbem,
817 2575 872 2609 uon
890 2560 980 2611 destiti
1004 2560 1141 2619 emuieei

156 2646 254 2698 tendes
264 2651 290 2697 et
305 2645 399 2703 disere,
424 2640 525 2719 virgil.
542 2642 592 2697 Ge.
606 2641 632 2708 1,
647 2639 707 2705 193,
724 2643 825 2705 semiue
838 2643 896 2705 eidi
910 2645 1030 2713 equidem
1043 2648 1140 2701 multos

157 2730 289 2792 umdioere
303 2736 426 2791 serentes,

194 2832 264 2884 Cum
283 2818 385 2883 iustum.
418 2828 531 2881 Terent.
549 2828 618 2881 And.
635 2827 662 2893 2,
677 2827 703 2893 l,
718 2828 762 2891 21,
790 2831 860 2884 debs
883 2835 1001 2901 equidem
1022 2822 1156 2904 opermti.'-

158 2917 249 2972 Plane.
266 2917 312 2968 As.
326 2914 352 2979 3,
366 2913 391 2978 3,
407 2913 449 2972 lt,
473 2930 537 2966 stem
556 2914 675 2980 equidem
696 2930 751 2978 me,
778 2916 834 2968 iem
854 2925 982 2985 mentum
1000 2926 1103 2986 potest,
1121 2937 1140 2973 a

157 3003 216 3055 site
235 3000 402 3054 etiudieeto.
437 2997 513 3049 Pers.
532 2995 653 3060 1‚1‚.45‚
672 3014 799 3066 quassum
812 3003 947 3069 equidem,
973 3004 998 3054 si
1011 3004 1070 3071 quis
1084 3021 1141 3057 ere-

158 3087 215 3138 dat.
246 3085 304 3145 Cis,
327 3085 361 3147 ed
384 3083 462 3145 Fam,
477 3079 542 3146 3,3,
563 3078 590 3132 6.
613 3082 740 3149 equidem'
751 3101 803 3154 pro
824 3102 869 3151 eo,
894 3088 988 3156 quaest
1010 3095 1037 3140 te
1053 3089 1140 3155 secio,

158 3171 285 3241 quidquid
296 3171 408 3245 seceris,
428 3167 589 3237 approbato.
610 3167 635 3230 2,
650 3166 676 3232 3,
692 3166 733 3230 2,,

194 3271 385 3336 flamm,
402 3270 426 3335 1,
444 3268 487 3321 et.
514 3268 633 3336 equidem
649 3272 702 3322 seio
722 3270 787 3325 iem.
813 3270 926 3327 Terent.
944 3274 993 3326 Ae.
1012 3274 1038 3341 4,
1054 3274 1080 3341 2,
1095 3275 1140 3332 36.

159 3357 279 3426 equidem
290 3357 415 3409 arbitror.
441 3353 501 3407 Gis.
516 3353 552 3411 ed
566 3355 643 3413 Fam,
659 3352 686 3418 5,
699 3355 726 3420 2,
741 3353 768 3409 6.
790 3356 881 3411 Pleut.
896 3359 994 3411 Pseud.
1011 3359 1037 3426 5,
1052 3360 1079 3426 2,
1096 3362 1139 3416 16.

159 3442 236 3493 e'rede
247 3440 363 3508 equidem
371 3446 472 3508 potesse
485 3440 528 3503 te',
545 3440 637 3504 scelus,
647 3441 754 3492 Massici
768 3443 864 3494 moritis
874 3444 1018 3498 uberrimos
1026 3453 1142 3515 quietum·

153 3529 262 3592 fruetus
277 3524 378 3584 ebibere
391 3524 421 3574 iu
433 3538 489 3577 ems
503 3526 579 3577 horu.
602 3525 686 3577 Posn.
701 3522 728 3589 6,
742 3523 819 3590 4,11.
836 3546 911 3596 spere
926 3532 1052 3598 equidem.
1066 3530 1140 3589 ²cie.

160 3609 196 3663 ed
210 3609 288 3659 Fem.
303 3606 345 3671 16,
360 3605 404 3670 22,
418 3606 444 3660 i.
469 3609 531 3670 Aul.
548 3597 573 3674 4,
588 3608 613 3673 9,
629 3609 655 3661 2.
681 3616 760 3677 atque
780 3612 898 3681 equidem
920 3632 970 3681 quo
991 3630 1071 3681 eum‚'
1090 3624 1140 3673 aut

159 3695 208 3746 uti
222 3693 288 3754 sim,
318 3697 366 3743 eut
388 3693 432 3759 qui
452 3693 517 3758 sim,
543 3712 639 3763 nequeo
663 3712 722 3747 eum
742 3694 833 3751 usim
852 3704 951 3749 emtum
968 3699 1143 3771 inuestigare.

161 3777 219 3832 cto.
236 3776 271 3829 ed
284 3777 363 3829 Fam.
377 3774 402 3841 6,
415 3775 440 3840 4,
450 3775 476 3828 6.
491 3779 623 3845 equidem,
638 3797 687 3831 uos
704 3780 773 3847 qued
786 3780 887 3833 Romae
900 3798 1004 3849 summ,
1022 3787 1142 3840 miserti*

158 3879 231 3917 mum
252 3878 307 3913 esse
321 3862 395 3913 dues.
429 3860 456 3925 6,
470 3857 496 3924 6,
515 3861 558 3913 11.
583 3865 702 3931 squidem
724 3865 770 3916 tos
792 3872 850 3917 tuos
869 3868 1140 3925 tmeuleuonses'dies

158 3949 248 4001 tmtar
269 3962 322 3997 esse
343 3946 414 3997 uitae
427 3952 501 4014 puto.
521 3944 547 4009 6,
566 3946 608 4011 13,
624 3947 650 3999 i.
683 3945 710 4012 5,
727 3948 771 4013 tt,
788 3946 813 4001 6.
838 3952 955 4019 equidem
971 3955 1008 4005 ud
1022 3961 1141 4008 uestram

159 4032 265 4082 leudem
277 4048 331 4082 mou
339 4031 450 4081 multum
463 4029 539 4081 video
551 4031 682 4084 interesse.
700 4032 742 4098 13,
757 4032 784 4098 l,
798 4033 840 4086 16.
858 4032 901 4098 13,
911 4033 953 4098 et,
965 4035 992 4088 3.
1009 4035 1052 4101 16,
1062 4030 1105 4105 15,
1113 4038 1140 4094 4.

161 4112 205 4180 1⁵,
214 4111 240 4180 4,
247 4112 291 4168 36.
308 4115 427 4186 equidem
441 4114 523 4169 etiem
536 4114 603 4167 uiti
615 4116 684 4171 ittae
699 4119 818 4172 atumem
830 4119 975 4173 advertisse
990 4121 1089 4178 etism.

1187 4232 1198 4269 t
