<?xml version="1.0" encoding="UTF-8"?>
<!DOCTYPE html PUBLIC "-//W3C//DTD XHTML 1.0 Transitional//EN"
    "http://www.w3.org/TR/xhtml1/DTD/xhtml1-transitional.dtd">
<html xmlns="http://www.w3.org/1999/xhtml" xml:lang="en" lang="en">
 <head>
  <title>
</title>
<meta http-equiv="Content-Type" content="text/html;charset=utf-8" />
  <meta name='ocr-system' content='tesseract 3.04.00' />
  <meta name='ocr-capabilities' content='ocr_page ocr_carea ocr_par ocr_line ocrx_word'/>
</head>
<body>
  <div class='ocr_page' id='page_1' title='image "./tursellinusseud02handgoog_0103.png"; bbox 0 0 2618 4770; ppageno 0'>
   <div class='ocr_carea' id='block_1_1' title="bbox 127 156 1019 298">
    <p class='ocr_par' dir='ltr' id='par_1_1' title="bbox 127 156 1019 298">
     <span class='ocr_line' id='line_1_1' title="bbox 127 156 1019 298; baseline -0.026 0"><span class='ocrx_word' id='word_1_1' title='bbox 127 228 174 298; x_wconf 82' lang='lat' dir='ltr'><strong>u</strong></span> <span class='ocrx_word' id='word_1_2' title='bbox 276 219 408 293; x_wconf 77' lang='lat' dir='ltr'><strong>mnu.</strong></span> <span class='ocrx_word' id='word_1_3' title='bbox 450 208 729 289; x_wconf 71' lang='lat' dir='ltr'><strong>mancum.</strong></span> <span class='ocrx_word' id='word_1_4' title='bbox 772 156 1019 281; x_wconf 82' lang='lat' dir='ltr'><strong>couuuvs.</strong></span> 
     </span>
    </p>
   </div>
   <div class='ocr_carea' id='block_1_2' title="bbox 127 361 1185 1323">
    <p class='ocr_par' dir='ltr' id='par_1_2' title="bbox 127 361 1185 1323">
     <span class='ocr_line' id='line_1_2' title="bbox 209 361 1185 461; baseline -0.017 -13"><span class='ocrx_word' id='word_1_5' title='bbox 209 376 423 448; x_wconf 87' lang='lat' dir='ltr'><strong>lleccntiorcs</strong></span> <span class='ocrx_word' id='word_1_6' title='bbox 457 371 637 461; x_wconf 70' lang='lat' dir='ltr'><strong>scriptores</strong></span> <span class='ocrx_word' id='word_1_7' title='bbox 673 387 799 435; x_wconf 90' lang='lat' dir='ltr'><strong>novam</strong></span> <span class='ocrx_word' id='word_1_8' title='bbox 835 366 984 433; x_wconf 84' lang='lat' dir='ltr'><strong>formam</strong></span> <span class='ocrx_word' id='word_1_9' title='bbox 1028 361 1185 431; x_wconf 77' lang='lat' dir='ltr'><strong>fecerunt</strong></span> 
     </span>
     <span class='ocr_line' id='line_1_3' title="bbox 131 449 1181 547; baseline -0.019 -10"><span class='ocrx_word' id='word_1_10' title='bbox 131 483 331 538; x_wconf 70' lang='lat' dir='ltr'><strong>catucirno,</strong></span> <span class='ocrx_word' id='word_1_11' title='bbox 373 470 545 547; x_wconf 75' lang='lat' dir='ltr'><strong>tamquam</strong></span> <span class='ocrx_word' id='word_1_12' title='bbox 586 456 765 522; x_wconf 74' lang='lat' dir='ltr'><strong>ablativum</strong></span> <span class='ocrx_word' id='word_1_13' title='bbox 803 451 953 521; x_wconf 86' lang='lat' dir='ltr'><strong>adiectivi</strong></span> <span class='ocrx_word' id='word_1_14' title='bbox 991 449 1181 517; x_wconf 85' lang='lat' dir='ltr'><strong>clanculus.</strong></span> 
     </span>
     <span class='ocr_line' id='line_1_4' title="bbox 128 539 1181 698; baseline -0.016 -76"><span class='ocrx_word' id='word_1_15' title='bbox 128 551 255 641; x_wconf 79' lang='lat' dir='ltr'><strong>Apulei.</strong></span> <span class='ocrx_word' id='word_1_16' title='bbox 276 548 358 614; x_wconf 86' lang='lat' dir='ltr'><strong>Met.</strong></span> <span class='ocrx_word' id='word_1_17' title='bbox 375 551 408 612; x_wconf 87' lang='lat' dir='ltr'><strong>c.</strong></span> <span class='ocrx_word' id='word_1_18' title='bbox 420 568 460 698; x_wconf 58' lang='grc' dir='ltr'><strong>ἔ.</strong></span> <span class='ocrx_word' id='word_1_19' title='bbox 478 550 540 613; x_wconf 78' lang='grc'><strong>158</strong></span> <span class='ocrx_word' id='word_1_20' title='bbox 547 592 559 624; x_wconf 86' lang='grc'><em>,</em></span> <span class='ocrx_word' id='word_1_21' title='bbox 574 545 606 610; x_wconf 77' lang='grc'><strong>6.</strong></span> <span class='ocrx_word' id='word_1_22' title='bbox 630 546 671 642; x_wconf 70' lang='lat'><strong>9.¹</strong></span> <span class='ocrx_word' id='word_1_23' title='bbox 683 564 718 630; x_wconf 88' lang='lat' dir='ltr'><strong>p.</strong></span> <span class='ocrx_word' id='word_1_24' title='bbox 734 546 794 606; x_wconf 88' lang='grc'><strong>221</strong></span> <span class='ocrx_word' id='word_1_25' title='bbox 808 586 818 620; x_wconf 88' lang='grc'><em>,</em></span> <span class='ocrx_word' id='word_1_26' title='bbox 834 544 885 633; x_wconf 66' lang='lat' dir='ltr'><strong>ld.</strong></span> <span class='ocrx_word' id='word_1_27' title='bbox 910 543 962 602; x_wconf 89' lang='grc'><strong>10.</strong></span> <span class='ocrx_word' id='word_1_28' title='bbox 983 559 1019 625; x_wconf 79' lang='lat' dir='ltr'><strong>p.</strong></span> <span class='ocrx_word' id='word_1_29' title='bbox 1035 539 1112 620; x_wconf 76' lang='lat' dir='ltr'><strong>stc,</strong></span> <span class='ocrx_word' id='word_1_30' title='bbox 1127 542 1181 605; x_wconf 82' lang='grc'><strong>26.</strong></span> 
     </span>
     <span class='ocr_line' id='line_1_5' title="bbox 128 622 1182 711; baseline -0.017 -6"><span class='ocrx_word' id='word_1_31' title='bbox 128 637 317 706; x_wconf 82' lang='lat' dir='ltr'><strong>Macrobius</strong></span> <span class='ocrx_word' id='word_1_32' title='bbox 336 633 404 698; x_wconf 87' lang='lat' dir='ltr'><strong>Sat.</strong></span> <span class='ocrx_word' id='word_1_33' title='bbox 450 637 529 711; x_wconf 85' lang='lat'><strong>‚18.</strong></span> <span class='ocrx_word' id='word_1_34' title='bbox 561 628 922 706; x_wconf 67' lang='lat' dir='ltr'><strong>emmunitatem,</strong></span> <span class='ocrx_word' id='word_1_35' title='bbox 942 629 1070 703; x_wconf 82' lang='lat' dir='ltr'><strong>12,·te.</strong></span> <span class='ocrx_word' id='word_1_36' title='bbox 1112 622 1182 689; x_wconf 86' lang='lat' dir='ltr'><strong>Nec</strong></span> 
     </span>
     <span class='ocr_line' id='line_1_6' title="bbox 129 708 1183 810; baseline -0.012 -20"><span class='ocrx_word' id='word_1_37' title='bbox 129 722 319 810; x_wconf 83' lang='lat' dir='ltr'><strong>negaverim</strong></span> <span class='ocrx_word' id='word_1_38' title='bbox 336 738 461 784; x_wconf 90' lang='lat' dir='ltr'><strong>novum</strong></span> <span class='ocrx_word' id='word_1_39' title='bbox 478 738 577 783; x_wconf 90' lang='lat' dir='ltr'><strong>usum</strong></span> <span class='ocrx_word' id='word_1_40' title='bbox 592 713 746 783; x_wconf 76' lang='lat' dir='ltr'><strong>vocabuli</strong></span> <span class='ocrx_word' id='word_1_41' title='bbox 759 709 946 779; x_wconf 79' lang='lat' dir='ltr'><strong>clanculus.</strong></span> <span class='ocrx_word' id='word_1_42' title='bbox 987 708 1075 775; x_wconf 88' lang='lat' dir='ltr'><strong>Nam</strong></span> <span class='ocrx_word' id='word_1_43' title='bbox 1090 709 1183 798; x_wconf 82' lang='lat' dir='ltr'><strong>quod</strong></span> 
     </span>
     <span class='ocr_line' id='line_1_7' title="bbox 130 795 1182 883; baseline -0.011 -7"><span class='ocrx_word' id='word_1_44' title='bbox 130 811 212 876; x_wconf 90' lang='lat' dir='ltr'><strong>olim</strong></span> <span class='ocrx_word' id='word_1_45' title='bbox 240 808 276 873; x_wconf 91' lang='lat' dir='ltr'><strong>in</strong></span> <span class='ocrx_word' id='word_1_46' title='bbox 298 804 498 872; x_wconf 78' lang='lat' dir='ltr'><strong>Tertttlliani</strong></span> <span class='ocrx_word' id='word_1_47' title='bbox 518 803 604 869; x_wconf 86' lang='lat' dir='ltr'><strong>libro</strong></span> <span class='ocrx_word' id='word_1_48' title='bbox 628 800 669 866; x_wconf 89' lang='lat' dir='ltr'><strong>de</strong></span> <span class='ocrx_word' id='word_1_49' title='bbox 693 799 798 867; x_wconf 92' lang='lat' dir='ltr'><strong>Pallio</strong></span> <span class='ocrx_word' id='word_1_50' title='bbox 814 798 847 863; x_wconf 83' lang='lat'><strong>4.</strong></span> <span class='ocrx_word' id='word_1_51' title='bbox 876 795 1046 882; x_wconf 87' lang='lat' dir='ltr'><strong>legebatur</strong></span> <span class='ocrx_word' id='word_1_52' title='bbox 1054 820 1070 861; x_wconf 78' lang='lat' dir='ltr'><strong>a</strong></span> <span class='ocrx_word' id='word_1_53' title='bbox 1093 806 1182 883; x_wconf 72' lang='lat' dir='ltr'><strong>certe</strong></span> 
     </span>
     <span class='ocr_line' id='line_1_8' title="bbox 127 882 1181 974; baseline -0.013 -11"><span class='ocrx_word' id='word_1_54' title='bbox 127 900 202 964; x_wconf 85' lang='lat' dir='ltr'><strong>iam</strong></span> <span class='ocrx_word' id='word_1_55' title='bbox 224 895 334 960; x_wconf 63' lang='lat' dir='ltr'><strong>mam</strong></span> <span class='ocrx_word' id='word_1_56' title='bbox 352 890 498 957; x_wconf 87' lang='lat' dir='ltr'><strong>alicuius</strong></span> <span class='ocrx_word' id='word_1_57' title='bbox 513 882 833 974; x_wconf 73' lang='lat' dir='ltr'><strong>clanculojunctus.</strong></span> <span class='ocrx_word' id='word_1_58' title='bbox 857 882 1054 962; x_wconf 85' lang='lat' dir='ltr'><strong>Salmasius,</strong></span> <span class='ocrx_word' id='word_1_59' title='bbox 1077 902 1181 970; x_wconf 85' lang='lat' dir='ltr'><strong>quum</strong></span> 
     </span>
     <span class='ocr_line' id='line_1_9' title="bbox 128 968 1181 1064; baseline -0.014 -17"><span class='ocrx_word' id='word_1_60' title='bbox 128 983 164 1048; x_wconf 91' lang='lat' dir='ltr'><strong>in</strong></span> <span class='ocrx_word' id='word_1_61' title='bbox 182 980 295 1046; x_wconf 90' lang='lat' dir='ltr'><strong>codice</strong></span> <span class='ocrx_word' id='word_1_62' title='bbox 307 976 418 1064; x_wconf 91' lang='lat' dir='ltr'><strong>aliquo</strong></span> <span class='ocrx_word' id='word_1_63' title='bbox 432 976 612 1042; x_wconf 89' lang='lat' dir='ltr'><strong>invenisset</strong></span> <span class='ocrx_word' id='word_1_64' title='bbox 622 971 806 1046; x_wconf 85' lang='lat' dir='ltr'><strong>clanculis,</strong></span> <span class='ocrx_word' id='word_1_65' title='bbox 829 969 962 1056; x_wconf 87' lang='lat' dir='ltr'><strong>scripsit</strong></span> <span class='ocrx_word' id='word_1_66' title='bbox 985 969 1096 1035; x_wconf 81' lang='lat' dir='ltr'><strong>airum</strong></span> <span class='ocrx_word' id='word_1_67' title='bbox 1111 968 1181 1039; x_wconf 87' lang='lat' dir='ltr'><strong>ali-</strong></span> 
     </span>
     <span class='ocr_line' id='line_1_10' title="bbox 129 1053 1180 1152; baseline -0.012 -18"><span class='ocrx_word' id='word_1_68' title='bbox 129 1066 186 1134; x_wconf 83' lang='lat' dir='ltr'><strong>cui</strong></span> <span class='ocrx_word' id='word_1_69' title='bbox 201 1062 376 1131; x_wconf 87' lang='lat' dir='ltr'><strong>clanculus</strong></span> <span class='ocrx_word' id='word_1_70' title='bbox 389 1059 546 1152; x_wconf 79' lang='lat' dir='ltr'><strong>firnctus.</strong></span> <span class='ocrx_word' id='word_1_71' title='bbox 588 1053 938 1125; x_wconf 73' lang='lat' dir='ltr'><strong>Verbimiliorluiaset</strong></span> <span class='ocrx_word' id='word_1_72' title='bbox 961 1054 1042 1121; x_wconf 90' lang='lat' dir='ltr'><strong>baec</strong></span> <span class='ocrx_word' id='word_1_73' title='bbox 1066 1074 1180 1121; x_wconf 80' lang='lat' dir='ltr'><strong>coare·</strong></span> 
     </span>
     <span class='ocr_line' id='line_1_11' title="bbox 131 1138 1180 1236; baseline -0.01 -19"><span class='ocrx_word' id='word_1_74' title='bbox 131 1153 221 1218; x_wconf 82' lang='lat' dir='ltr'><strong>ctio:</strong></span> <span class='ocrx_word' id='word_1_75' title='bbox 238 1150 362 1216; x_wconf 77' lang='lat' dir='ltr'><strong>cirum</strong></span> <span class='ocrx_word' id='word_1_76' title='bbox 385 1146 556 1236; x_wconf 83' lang='lat' dir='ltr'><strong>aliquibus</strong></span> <span class='ocrx_word' id='word_1_77' title='bbox 581 1143 747 1210; x_wconf 82' lang='lat' dir='ltr'><strong>clanculis</strong></span> <span class='ocrx_word' id='word_1_78' title='bbox 771 1140 927 1228; x_wconf 64' lang='lat' dir='ltr'><strong>fundus,</strong></span> <span class='ocrx_word' id='word_1_79' title='bbox 944 1150 983 1207; x_wconf 86' lang='lat' dir='ltr'><strong>ut</strong></span> <span class='ocrx_word' id='word_1_80' title='bbox 1004 1138 1180 1207; x_wconf 77' lang='lat' dir='ltr'><strong>clanculae</strong></span> 
     </span>
     <span class='ocr_line' id='line_1_12' title="bbox 131 1224 1140 1323; baseline -0.014 -18"><span class='ocrx_word' id='word_1_81' title='bbox 131 1238 337 1312; x_wconf 79' lang='lat' dir='ltr'><strong>dicerentur,</strong></span> <span class='ocrx_word' id='word_1_82' title='bbox 360 1232 534 1323; x_wconf 92' lang='lat' dir='ltr'><strong>quomodo</strong></span> <span class='ocrx_word' id='word_1_83' title='bbox 555 1229 671 1320; x_wconf 88' lang='lat' dir='ltr'><strong>paullo</strong></span> <span class='ocrx_word' id='word_1_84' title='bbox 686 1240 764 1321; x_wconf 87' lang='lat' dir='ltr'><strong>post</strong></span> <span class='ocrx_word' id='word_1_85' title='bbox 777 1225 898 1315; x_wconf 73' lang='lat' dir='ltr'><strong>Isydiu</strong></span> <span class='ocrx_word' id='word_1_86' title='bbox 910 1224 1140 1305; x_wconf 81' lang='lat' dir='ltr'><strong>clancularia.</strong></span> 
     </span>
    </p>
   </div>
   <div class='ocr_carea' id='block_1_3' title="bbox 130 1344 1179 1649">
    <p class='ocr_par' dir='ltr' id='par_1_3' title="bbox 130 1344 1179 1649">
     <span class='ocr_line' id='line_1_13' title="bbox 224 1344 1179 1471; baseline -0.013 -15"><span class='ocrx_word' id='word_1_87' title='bbox 224 1378 444 1455; x_wconf 69' lang='lat' dir='ltr'><strong>*inlibris</strong></span> <span class='ocrx_word' id='word_1_88' title='bbox 468 1386 530 1451; x_wconf 87' lang='lat' dir='ltr'><strong>scri</strong></span> <span class='ocrx_word' id='word_1_89' title='bbox 556 1385 597 1449; x_wconf 91' lang='lat' dir='ltr'><strong>tis</strong></span> <span class='ocrx_word' id='word_1_90' title='bbox 627 1404 726 1471; x_wconf 82' lang='lat' dir='ltr'><strong>saepe</strong></span> <span class='ocrx_word' id='word_1_91' title='bbox 755 1344 1006 1457; x_wconf 83' lang='lat' dir='ltr'><strong>confunduntur</strong></span> <span class='ocrx_word' id='word_1_92' title='bbox 1035 1378 1127 1453; x_wconf 78' lang='lat' dir='ltr'><strong>clam</strong></span> <span class='ocrx_word' id='word_1_93' title='bbox 1150 1389 1179 1445; x_wconf 85' lang='lat' dir='ltr'><strong>et</strong></span> 
     </span>
     <span class='ocr_line' id='line_1_14' title="bbox 130 1408 1178 1557; baseline -0.01 -14"><span class='ocrx_word' id='word_1_94' title='bbox 130 1476 216 1543; x_wconf 86' lang='lat' dir='ltr'><strong>iam.</strong></span> <span class='ocrx_word' id='word_1_95' title='bbox 260 1408 635 1543; x_wconf 75' lang='lat' dir='ltr'><strong>vid.}1einriialvcrs.</strong></span> <span class='ocrx_word' id='word_1_96' title='bbox 663 1489 700 1557; x_wconf 82' lang='lat' dir='ltr'><strong>p.</strong></span> <span class='ocrx_word' id='word_1_97' title='bbox 720 1468 796 1545; x_wconf 76' lang='lat'><strong>572,</strong></span> <span class='ocrx_word' id='word_1_98' title='bbox 846 1466 957 1555; x_wconf 72' lang='lat' dir='ltr'><strong>Heyasu</strong></span> <span class='ocrx_word' id='word_1_99' title='bbox 985 1464 1028 1543; x_wconf 83' lang='lat' dir='ltr'><strong>ed</strong></span> <span class='ocrx_word' id='word_1_100' title='bbox 1055 1464 1178 1533; x_wconf 83' lang='lat' dir='ltr'><strong>Tibull.</strong></span> 
     </span>
     <span class='ocr_line' id='line_1_15' title="bbox 133 1559 466 1649; baseline -0.021 -19"><span class='ocrx_word' id='word_1_101' title='bbox 133 1559 466 1649; x_wconf 20' lang='lat' dir='ltr'><strong>1,9,2.·4‚6,1o.</strong></span> 
     </span>
    </p>
   </div>
   <div class='ocr_carea' id='block_1_4' title="bbox 476 1778 1097 1951">
    <p class='ocr_par' dir='ltr' id='par_1_4' title="bbox 476 1778 1097 1951">
     <span class='ocr_line' id='line_1_16' title="bbox 476 1778 1097 1951; baseline -0.016 -40"><span class='ocrx_word' id='word_1_102' title='bbox 476 1816 840 1951; x_wconf 71' lang='lat' dir='ltr'><strong>cccccccccc.</strong></span> <span class='ocrx_word' id='word_1_103' title='bbox 961 1778 974 1795; x_wconf 81' lang='lat'><em>&#39;</em></span> <span class='ocrx_word' id='word_1_104' title='bbox 1094 1788 1097 1797; x_wconf 73' lang='lat'>‘</span> 
     </span>
    </p>
   </div>
   <div class='ocr_carea' id='block_1_5' title="bbox 129 2000 1185 3981">
    <p class='ocr_par' dir='ltr' id='par_1_5' title="bbox 129 2000 1185 3981">
     <span class='ocr_line' id='line_1_17' title="bbox 214 2000 1185 2095; baseline -0.004 -22"><span class='ocrx_word' id='word_1_105' title='bbox 214 2004 287 2073; x_wconf 91' lang='lat' dir='ltr'><strong>Iam</strong></span> <span class='ocrx_word' id='word_1_106' title='bbox 303 2008 441 2095; x_wconf 87' lang='lat' dir='ltr'><strong>antiquo</strong></span> <span class='ocrx_word' id='word_1_107' title='bbox 456 2012 611 2093; x_wconf 82' lang='lat' dir='ltr'><strong>tempore</strong></span> <span class='ocrx_word' id='word_1_108' title='bbox 629 2005 803 2093; x_wconf 82' lang='lat' dir='ltr'><strong>cognitum</strong></span> <span class='ocrx_word' id='word_1_109' title='bbox 822 2014 894 2072; x_wconf 89' lang='lat' dir='ltr'><strong>erat</strong></span> <span class='ocrx_word' id='word_1_110' title='bbox 906 2000 1067 2073; x_wconf 86' lang='lat' dir='ltr'><strong>vocabula</strong></span> <span class='ocrx_word' id='word_1_111' title='bbox 1089 2020 1185 2069; x_wconf 67' lang='lat' dir='ltr'><strong>coar-⁴</strong></span> 
     </span>
     <span class='ocr_line' id='line_1_18' title="bbox 130 2090 1185 2176; baseline -0.007 -16"><span class='ocrx_word' id='word_1_112' title='bbox 130 2111 234 2160; x_wconf 81' lang='lat' dir='ltr'><strong>murs</strong></span> <span class='ocrx_word' id='word_1_113' title='bbox 251 2104 285 2158; x_wconf 90' lang='lat' dir='ltr'><strong>et</strong></span> <span class='ocrx_word' id='word_1_114' title='bbox 300 2111 430 2160; x_wconf 75' lang='lat' dir='ltr'><strong>amave</strong></span> <span class='ocrx_word' id='word_1_115' title='bbox 447 2091 627 2165; x_wconf 50' lang='lat' dir='ltr'><strong>,derivanda</strong></span> <span class='ocrx_word' id='word_1_116' title='bbox 644 2114 713 2159; x_wconf 86' lang='lat' dir='ltr'><strong>esse</strong></span> <span class='ocrx_word' id='word_1_117' title='bbox 729 2092 769 2157; x_wconf 89' lang='lat' dir='ltr'><strong>ab</strong></span> <span class='ocrx_word' id='word_1_118' title='bbox 787 2114 922 2158; x_wconf 75' lang='lat' dir='ltr'><strong>marusa.</strong></span> <span class='ocrx_word' id='word_1_119' title='bbox 964 2090 1052 2155; x_wconf 89' lang='lat' dir='ltr'><strong>Nam</strong></span> <span class='ocrx_word' id='word_1_120' title='bbox 1067 2091 1185 2176; x_wconf 84' lang='lat' dir='ltr'><strong>vulga-</strong></span> 
     </span>
     <span class='ocr_line' id='line_1_19' title="bbox 130 2167 1185 2267; baseline -0.007 -20"><span class='ocrx_word' id='word_1_121' title='bbox 130 2203 204 2247; x_wconf 85' lang='lat' dir='ltr'><strong>rem</strong></span> <span class='ocrx_word' id='word_1_122' title='bbox 220 2179 406 2245; x_wconf 84' lang='lat' dir='ltr'><strong>doctrinam</strong></span> <span class='ocrx_word' id='word_1_123' title='bbox 421 2167 663 2264; x_wconf 79' lang='lat' dir='ltr'><strong>exponitlleda</strong></span> <span class='ocrx_word' id='word_1_124' title='bbox 679 2176 722 2253; x_wconf 84' lang='lat' dir='ltr'><strong>dc</strong></span> <span class='ocrx_word' id='word_1_125' title='bbox 734 2177 897 2266; x_wconf 79' lang='lat' dir='ltr'><strong>Ortbogr.</strong></span> <span class='ocrx_word' id='word_1_126' title='bbox 920 2201 956 2267; x_wconf 86' lang='lat' dir='ltr'><strong>p.</strong></span> <span class='ocrx_word' id='word_1_127' title='bbox 972 2182 1070 2243; x_wconf 83' lang='grc'><strong>2831.</strong></span> <span class='ocrx_word' id='word_1_128' title='bbox 1093 2200 1185 2241; x_wconf 82' lang='lat' dir='ltr'><strong>conc·</strong></span> 
     </span>
     <span class='ocr_line' id='line_1_20' title="bbox 131 2262 1185 2354; baseline -0.005 -23"><span class='ocrx_word' id='word_1_129' title='bbox 131 2265 343 2331; x_wconf 84' lang='lat' dir='ltr'><strong>minua-cum</strong></span> <span class='ocrx_word' id='word_1_130' title='bbox 361 2264 501 2354; x_wconf 83' lang='lat' dir='ltr'><strong>gladiis</strong></span> <span class='ocrx_word' id='word_1_131' title='bbox 514 2286 737 2353; x_wconf 78' lang='lat' dir='ltr'><strong>pugnamus.-</strong></span> <span class='ocrx_word' id='word_1_132' title='bbox 772 2264 902 2329; x_wconf 79' lang='lat' dir='ltr'><strong>eminus</strong></span> <span class='ocrx_word' id='word_1_133' title='bbox 928 2285 1006 2329; x_wconf 88' lang='lat' dir='ltr'><strong>cum</strong></span> <span class='ocrx_word' id='word_1_134' title='bbox 1035 2262 1185 2329; x_wconf 82' lang='lat' dir='ltr'><strong>lanceis:</strong></span> 
     </span>
     <span class='ocr_line' id='line_1_21' title="bbox 131 2348 1185 2439; baseline -0.002 -24"><span class='ocrx_word' id='word_1_135' title='bbox 131 2352 214 2439; x_wconf 80' lang='lat' dir='ltr'><strong>qraia</strong></span> <span class='ocrx_word' id='word_1_136' title='bbox 230 2352 320 2425; x_wconf 79' lang='lat' dir='ltr'><strong>illud</strong></span> <span class='ocrx_word' id='word_1_137' title='bbox 337 2375 360 2417; x_wconf 87' lang='lat' dir='ltr'><strong>c</strong></span> <span class='ocrx_word' id='word_1_138' title='bbox 374 2372 482 2417; x_wconf 88' lang='lat' dir='ltr'><strong>manu</strong></span> <span class='ocrx_word' id='word_1_139' title='bbox 496 2372 568 2415; x_wconf 87' lang='lat' dir='ltr'><strong>non</strong></span> <span class='ocrx_word' id='word_1_140' title='bbox 582 2350 732 2430; x_wconf 78' lang='lat' dir='ltr'><strong>recedit,</strong></span> <span class='ocrx_word' id='word_1_141' title='bbox 754 2350 818 2417; x_wconf 79' lang='lat' dir='ltr'><strong>hoc</strong></span> <span class='ocrx_word' id='word_1_142' title='bbox 838 2373 856 2415; x_wconf 90' lang='lat' dir='ltr'><strong>c</strong></span> <span class='ocrx_word' id='word_1_143' title='bbox 873 2348 1032 2415; x_wconf 79' lang='lat' dir='ltr'><strong>manibus</strong></span> <span class='ocrx_word' id='word_1_144' title='bbox 1052 2349 1185 2427; x_wconf 79' lang='lat' dir='ltr'><strong>emitti-</strong></span> 
     </span>
     <span class='ocr_line' id='line_1_22' title="bbox 132 2432 1185 2521; baseline -0.002 -20"><span class='ocrx_word' id='word_1_145' title='bbox 132 2447 200 2501; x_wconf 82' lang='lat' dir='ltr'><strong>tur.</strong></span> <span class='ocrx_word' id='word_1_146' title='bbox 244 2437 371 2502; x_wconf 86' lang='lat' dir='ltr'><strong>Fronto</strong></span> <span class='ocrx_word' id='word_1_147' title='bbox 385 2457 443 2501; x_wconf 88' lang='lat' dir='ltr'><strong>seu</strong></span> <span class='ocrx_word' id='word_1_148' title='bbox 461 2435 534 2521; x_wconf 91' lang='lat' dir='ltr'><strong>quis</strong></span> <span class='ocrx_word' id='word_1_149' title='bbox 558 2436 609 2501; x_wconf 92' lang='lat' dir='ltr'><strong>uis</strong></span> <span class='ocrx_word' id='word_1_150' title='bbox 625 2445 674 2501; x_wconf 92' lang='lat' dir='ltr'><strong>est</strong></span> <span class='ocrx_word' id='word_1_151' title='bbox 692 2446 809 2502; x_wconf 87' lang='lat' dir='ltr'><strong>auctor</strong></span> <span class='ocrx_word' id='word_1_152' title='bbox 826 2435 931 2503; x_wconf 85' lang='lat' dir='ltr'><strong>libelli</strong></span> <span class='ocrx_word' id='word_1_153' title='bbox 953 2432 1185 2501; x_wconf 87' lang='lat' dir='ltr'><strong>deDiffe1·ent.</strong></span> 
     </span>
     <span class='ocr_line' id='line_1_23' title="bbox 129 2520 1185 2610; baseline -0.005 -21"><span class='ocrx_word' id='word_1_154' title='bbox 129 2543 202 2589; x_wconf 88' lang='lat' dir='ltr'><strong>voc.</strong></span> <span class='ocrx_word' id='word_1_155' title='bbox 239 2527 355 2589; x_wconf 65' lang='lat' dir='ltr'><strong>ntae.</strong></span> <span class='ocrx_word' id='word_1_156' title='bbox 372 2524 423 2610; x_wconf 85' lang='lat' dir='ltr'><strong>(p.</strong></span> <span class='ocrx_word' id='word_1_157' title='bbox 432 2521 508 2586; x_wconf 78' lang='lat'><strong>469.</strong></span> <span class='ocrx_word' id='word_1_158' title='bbox 555 2520 609 2608; x_wconf 89' lang='lat' dir='ltr'><strong>ai.)</strong></span> <span class='ocrx_word' id='word_1_159' title='bbox 625 2521 813 2589; x_wconf 85' lang='lat' dir='ltr'><strong>comminus</strong></span> <span class='ocrx_word' id='word_1_160' title='bbox 824 2522 997 2589; x_wconf 74' lang='lat' dir='ltr'><strong>scaminus</strong></span> <span class='ocrx_word' id='word_1_161' title='bbox 1011 2520 1185 2586; x_wconf 87' lang='lat' dir='ltr'><strong>aiaculia:</strong></span> 
     </span>
     <span class='ocr_line' id='line_1_24' title="bbox 132 2545 1185 2697; baseline 0.002 -27"><span class='ocrx_word' id='word_1_162' title='bbox 132 2545 236 2697; x_wconf 74' lang='lat' dir='ltr'><strong>qucrl&gt;</strong></span> <span class='ocrx_word' id='word_1_163' title='bbox 237 2606 328 2674; x_wconf 80' lang='lat' dir='ltr'><strong>illud</strong></span> <span class='ocrx_word' id='word_1_164' title='bbox 343 2631 373 2672; x_wconf 89' lang='lat' dir='ltr'><strong>a·</strong></span> <span class='ocrx_word' id='word_1_165' title='bbox 384 2604 542 2671; x_wconf 84' lang='lat' dir='ltr'><strong>manibus</strong></span> <span class='ocrx_word' id='word_1_166' title='bbox 558 2630 629 2673; x_wconf 86' lang='lat' dir='ltr'><strong>non</strong></span> <span class='ocrx_word' id='word_1_167' title='bbox 643 2606 783 2688; x_wconf 77' lang='lat' dir='ltr'><strong>recedit,</strong></span> <span class='ocrx_word' id='word_1_168' title='bbox 796 2607 861 2673; x_wconf 82' lang='lat' dir='ltr'><strong>lccc</strong></span> <span class='ocrx_word' id='word_1_169' title='bbox 877 2605 1067 2689; x_wconf 75' lang='lat' dir='ltr'><strong>emarcidas</strong></span> <span class='ocrx_word' id='word_1_170' title='bbox 1084 2608 1185 2674; x_wconf 84' lang='lat' dir='ltr'><strong>emil-</strong></span> 
     </span>
     <span class='ocr_line' id='line_1_25' title="bbox 132 2690 1185 2782; baseline 0 -26"><span class='ocrx_word' id='word_1_171' title='bbox 132 2692 229 2758; x_wconf 79' lang='lat' dir='ltr'><strong>titar.</strong></span> <span class='ocrx_word' id='word_1_172' title='bbox 271 2692 424 2760; x_wconf 87' lang='lat' dir='ltr'><strong>Barthius</strong></span> <span class='ocrx_word' id='word_1_173' title='bbox 448 2691 596 2759; x_wconf 84' lang='lat' dir='ltr'><strong>correxit</strong></span> <span class='ocrx_word' id='word_1_174' title='bbox 613 2692 750 2781; x_wconf 84' lang='lat' dir='ltr'><strong>quando</strong></span> <span class='ocrx_word' id='word_1_175' title='bbox 774 2690 863 2758; x_wconf 81' lang='lat' dir='ltr'><strong>illud</strong></span> <span class='ocrx_word' id='word_1_176' title='bbox 870 2721 881 2757; x_wconf 94' lang='lat'><strong>.·</strong></span> <span class='ocrx_word' id='word_1_177' title='bbox 911 2691 969 2761; x_wconf 90' lang='lat' dir='ltr'><strong>sed</strong></span> <span class='ocrx_word' id='word_1_178' title='bbox 991 2702 1068 2782; x_wconf 87' lang='lat' dir='ltr'><strong>post</strong></span> <span class='ocrx_word' id='word_1_179' title='bbox 1091 2716 1185 2757; x_wconf 89' lang='lat' dir='ltr'><strong>com-</strong></span> 
     </span>
     <span class='ocr_line' id='line_1_26' title="bbox 132 2778 1185 2866; baseline 0 -24"><span class='ocrx_word' id='word_1_180' title='bbox 132 2779 246 2843; x_wconf 83' lang='lat' dir='ltr'><strong>minue</strong></span> <span class='ocrx_word' id='word_1_181' title='bbox 263 2779 423 2845; x_wconf 82' lang='lat' dir='ltr'><strong>excidisse</strong></span> <span class='ocrx_word' id='word_1_182' title='bbox 438 2778 591 2844; x_wconf 87' lang='lat' dir='ltr'><strong>videntur</strong></span> <span class='ocrx_word' id='word_1_183' title='bbox 606 2779 705 2845; x_wconf 83' lang='lat' dir='ltr'><strong>verba</strong></span> <span class='ocrx_word' id='word_1_184' title='bbox 721 2801 745 2843; x_wconf 87' lang='lat' dir='ltr'><strong>a</strong></span> <span class='ocrx_word' id='word_1_185' title='bbox 760 2778 909 2866; x_wconf 79' lang='lat' dir='ltr'><strong>gladiis.</strong></span> <span class='ocrx_word' id='word_1_186' title='bbox 953 2781 1059 2865; x_wconf 81' lang='lat' dir='ltr'><strong>Atque</strong></span> <span class='ocrx_word' id='word_1_187' title='bbox 1084 2778 1185 2844; x_wconf 87' lang='lat' dir='ltr'><strong>fuisse</strong></span> 
     </span>
     <span class='ocr_line' id='line_1_27' title="bbox 133 2863 1185 2943; baseline 0 -15"><span class='ocrx_word' id='word_1_188' title='bbox 133 2864 218 2931; x_wconf 89' lang='lat' dir='ltr'><strong>olim</strong></span> <span class='ocrx_word' id='word_1_189' title='bbox 232 2865 361 2931; x_wconf 85' lang='lat' dir='ltr'><strong>videtur</strong></span> <span class='ocrx_word' id='word_1_190' title='bbox 387 2865 488 2931; x_wconf 84' lang='lat' dir='ltr'><strong>etiam</strong></span> <span class='ocrx_word' id='word_1_191' title='bbox 503 2864 665 2931; x_wconf 77' lang='lat' dir='ltr'><strong>ariminus</strong></span> <span class='ocrx_word' id='word_1_192' title='bbox 690 2863 850 2943; x_wconf 82' lang='lat' dir='ltr'><strong>verbum,</strong></span> <span class='ocrx_word' id='word_1_193' title='bbox 873 2864 963 2931; x_wconf 91' lang='lat' dir='ltr'><strong>unde</strong></span> <span class='ocrx_word' id='word_1_194' title='bbox 985 2863 1112 2930; x_wconf 84' lang='lat' dir='ltr'><strong>factum</strong></span> <span class='ocrx_word' id='word_1_195' title='bbox 1138 2874 1185 2929; x_wconf 89' lang='lat' dir='ltr'><strong>est</strong></span> 
     </span>
     <span class='ocr_line' id='line_1_28' title="bbox 132 2949 1185 3038; baseline 0.001 -22"><span class='ocrx_word' id='word_1_196' title='bbox 132 2949 394 3017; x_wconf 81' lang='lat' dir='ltr'><strong>adminiculum.</strong></span> <span class='ocrx_word' id='word_1_197' title='bbox 451 2951 582 3017; x_wconf 87' lang='lat' dir='ltr'><strong>Tamen</strong></span> <span class='ocrx_word' id='word_1_198' title='bbox 606 2950 753 3038; x_wconf 82' lang='lat' dir='ltr'><strong>analogia</strong></span> <span class='ocrx_word' id='word_1_199' title='bbox 786 2973 858 3019; x_wconf 90' lang='lat' dir='ltr'><strong>non</strong></span> <span class='ocrx_word' id='word_1_200' title='bbox 892 2949 985 3016; x_wconf 89' lang='lat' dir='ltr'><strong>omni</strong></span> <span class='ocrx_word' id='word_1_201' title='bbox 1022 2961 1185 3034; x_wconf 84' lang='lat' dir='ltr'><strong>exparte</strong></span> 
     </span>
     <span class='ocr_line' id='line_1_29' title="bbox 130 3034 1185 3117; baseline -0.002 -14"><span class='ocrx_word' id='word_1_202' title='bbox 130 3045 274 3103; x_wconf 86' lang='lat' dir='ltr'><strong>constat.</strong></span> <span class='ocrx_word' id='word_1_203' title='bbox 324 3039 438 3103; x_wconf 87' lang='lat' dir='ltr'><strong>Potest</strong></span> <span class='ocrx_word' id='word_1_204' title='bbox 461 3037 551 3103; x_wconf 87' lang='lat' dir='ltr'><strong>enim</strong></span> <span class='ocrx_word' id='word_1_205' title='bbox 576 3035 861 3103; x_wconf 83' lang='lat' dir='ltr'><strong>hoc&#39;adverbium</strong></span> <span class='ocrx_word' id='word_1_206' title='bbox 894 3037 933 3103; x_wconf 90' lang='lat' dir='ltr'><strong>iis</strong></span> <span class='ocrx_word' id='word_1_207' title='bbox 961 3034 1185 3117; x_wconf 84' lang='lat' dir='ltr'><strong>adnumerari,-</strong></span> 
     </span>
     <span class='ocr_line' id='line_1_30' title="bbox 135 3121 1185 3223; baseline -0.001 -36"><span class='ocrx_word' id='word_1_208' title='bbox 135 3121 1185 3223; x_wconf 52' lang='lat' dir='ltr'><strong>quaecxnominibusetpraepositionibuscompositumneex·</strong></span> 
     </span>
     <span class='ocr_line' id='line_1_31' title="bbox 131 3206 1185 3295; baseline 0.001 -23"><span class='ocrx_word' id='word_1_209' title='bbox 131 3207 278 3293; x_wconf 56' lang='lat' dir='ltr'><strong>amplo,</strong></span> <span class='ocrx_word' id='word_1_210' title='bbox 299 3206 451 3285; x_wconf 75' lang='lat' dir='ltr'><strong>odviam,</strong></span> <span class='ocrx_word' id='word_1_211' title='bbox 476 3208 591 3275; x_wconf 72' lang='lat' dir='ltr'><strong>illico:</strong></span> <span class='ocrx_word' id='word_1_212' title='bbox 620 3208 748 3295; x_wconf 88' lang='lat' dir='ltr'><strong>reliqua</strong></span> <span class='ocrx_word' id='word_1_213' title='bbox 774 3218 884 3273; x_wconf 89' lang='lat' dir='ltr'><strong>autem</strong></span> <span class='ocrx_word' id='word_1_214' title='bbox 908 3230 943 3273; x_wconf 85' lang='lat' dir='ltr'><strong>ru</strong></span> <span class='ocrx_word' id='word_1_215' title='bbox 965 3226 1005 3269; x_wconf 85' lang='lat' dir='ltr'><strong>ue</strong></span> <span class='ocrx_word' id='word_1_216' title='bbox 1029 3209 1185 3273; x_wconf 82' lang='lat' dir='ltr'><strong>exeuntia</strong></span> 
     </span>
     <span class='ocr_line' id='line_1_32' title="bbox 132 3291 1185 3382; baseline 0.001 -25"><span class='ocrx_word' id='word_1_217' title='bbox 132 3293 245 3358; x_wconf 87' lang='lat' dir='ltr'><strong>omnia</strong></span> <span class='ocrx_word' id='word_1_218' title='bbox 268 3291 457 3359; x_wconf 83' lang='lat' dir='ltr'><strong>formantur</strong></span> <span class='ocrx_word' id='word_1_219' title='bbox 487 3318 506 3360; x_wconf 91' lang='lat' dir='ltr'><strong>a</strong></span> <span class='ocrx_word' id='word_1_220' title='bbox 535 3292 654 3360; x_wconf 88' lang='lat' dir='ltr'><strong>verbis.</strong></span> <span class='ocrx_word' id='word_1_221' title='bbox 711 3293 908 3382; x_wconf 86' lang='lat' dir='ltr'><strong>Comparari</strong></span> <span class='ocrx_word' id='word_1_222' title='bbox 937 3291 1038 3380; x_wconf 86' lang='lat' dir='ltr'><strong>igitur</strong></span> <span class='ocrx_word' id='word_1_223' title='bbox 1064 3292 1185 3358; x_wconf 89' lang='lat' dir='ltr'><strong>debent</strong></span> 
     </span>
     <span class='ocr_line' id='line_1_33' title="bbox 131 3377 1185 3469; baseline 0.002 -27"><span class='ocrx_word' id='word_1_224' title='bbox 131 3377 246 3459; x_wconf 85' lang='lat' dir='ltr'><strong>intus,</strong></span> <span class='ocrx_word' id='word_1_225' title='bbox 286 3380 479 3469; x_wconf 82' lang='lat' dir='ltr'><strong>pagnitas,</strong></span> <span class='ocrx_word' id='word_1_226' title='bbox 525 3380 653 3446; x_wconf 85' lang='lat' dir='ltr'><strong>etiamsi</strong></span> <span class='ocrx_word' id='word_1_227' title='bbox 698 3400 770 3444; x_wconf 91' lang='lat' dir='ltr'><strong>non</strong></span> <span class='ocrx_word' id='word_1_228' title='bbox 812 3390 922 3445; x_wconf 86' lang='lat' dir='ltr'><strong>exacte</strong></span> <span class='ocrx_word' id='word_1_229' title='bbox 974 3379 1185 3444; x_wconf 87' lang='lat' dir='ltr'><strong>conveniant.</strong></span> 
     </span>
     <span class='ocr_line' id='line_1_34' title="bbox 133 3462 1185 3555; baseline 0.003 -28"><span class='ocrx_word' id='word_1_230' title='bbox 133 3463 265 3544; x_wconf 88' lang='lat' dir='ltr'><strong>Quodsi</strong></span> <span class='ocrx_word' id='word_1_231' title='bbox 302 3466 448 3555; x_wconf 86' lang='lat' dir='ltr'><strong>Scaliger</strong></span> <span class='ocrx_word' id='word_1_232' title='bbox 475 3464 657 3532; x_wconf 90' lang='lat' dir='ltr'><strong>audiendus</strong></span> <span class='ocrx_word' id='word_1_233' title='bbox 688 3476 794 3544; x_wconf 87' lang='lat' dir='ltr'><strong>essct,</strong></span> <span class='ocrx_word' id='word_1_234' title='bbox 831 3462 900 3529; x_wconf 90' lang='lat' dir='ltr'><strong>anti</strong></span> <span class='ocrx_word' id='word_1_235' title='bbox 926 3485 1003 3529; x_wconf 89' lang='lat' dir='ltr'><strong>uam</strong></span> <span class='ocrx_word' id='word_1_236' title='bbox 1037 3463 1185 3530; x_wconf 81' lang='lat' dir='ltr'><strong>formam</strong></span> 
     </span>
     <span class='ocr_line' id='line_1_35' title="bbox 133 3487 1184 3640; baseline 0.002 -26"><span class='ocrx_word' id='word_1_237' title='bbox 133 3570 259 3615; x_wconf 85' lang='lat' dir='ltr'><strong>emanu</strong></span> <span class='ocrx_word' id='word_1_238' title='bbox 273 3548 470 3618; x_wconf 86' lang='lat' dir='ltr'><strong>haberemus</strong></span> <span class='ocrx_word' id='word_1_239' title='bbox 489 3553 526 3617; x_wconf 92' lang='lat' dir='ltr'><strong>in</strong></span> <span class='ocrx_word' id='word_1_240' title='bbox 541 3550 652 3618; x_wconf 87' lang='lat' dir='ltr'><strong>verbis</strong></span> <span class='ocrx_word' id='word_1_241' title='bbox 668 3550 769 3617; x_wconf 88' lang='lat' dir='ltr'><strong>Ennii</strong></span> <span class='ocrx_word' id='word_1_242' title='bbox 790 3550 879 3637; x_wconf 86' lang='lat' dir='ltr'><strong>apud</strong></span> <span class='ocrx_word' id='word_1_243' title='bbox 902 3487 1037 3617; x_wconf 67' lang='lat' dir='ltr'><strong>lectum</strong></span> <span class='ocrx_word' id='word_1_244' title='bbox 1059 3576 1092 3640; x_wconf 88' lang='lat' dir='ltr'><strong>p.</strong></span> <span class='ocrx_word' id='word_1_245' title='bbox 1108 3552 1184 3616; x_wconf 84' lang='grc'><strong>428.</strong></span> 
     </span>
     <span class='ocr_line' id='line_1_36' title="bbox 131 3636 1185 3724; baseline 0.002 -24"><span class='ocrx_word' id='word_1_246' title='bbox 131 3656 230 3722; x_wconf 81' lang='lat' dir='ltr'><strong>quem</strong></span> <span class='ocrx_word' id='word_1_247' title='bbox 258 3657 339 3704; x_wconf 77' lang='lat' dir='ltr'><strong>ntea</strong></span> <span class='ocrx_word' id='word_1_248' title='bbox 368 3637 556 3702; x_wconf 87' lang='lat' dir='ltr'><strong>comminus</strong></span> <span class='ocrx_word' id='word_1_249' title='bbox 583 3636 774 3701; x_wconf 74' lang='lat' dir='ltr'><strong>machaera</strong></span> <span class='ocrx_word' id='word_1_250' title='bbox 796 3646 896 3724; x_wconf 82' lang='lat' dir='ltr'><strong>alque</strong></span> <span class='ocrx_word' id='word_1_251' title='bbox 917 3638 1022 3703; x_wconf 76' lang='lat' dir='ltr'><strong>hasta</strong></span> <span class='ocrx_word' id='word_1_252' title='bbox 1046 3637 1185 3702; x_wconf 74' lang='lat' dir='ltr'><strong>hostivit</strong></span> 
     </span>
     <span class='ocr_line' id='line_1_37' title="bbox 133 3721 1183 3812; baseline 0.002 -28"><span class='ocrx_word' id='word_1_253' title='bbox 133 3743 270 3786; x_wconf 86' lang='lat' dir='ltr'><strong>emanu.</strong></span> <span class='ocrx_word' id='word_1_254' title='bbox 328 3723 442 3789; x_wconf 83' lang='lat' dir='ltr'><strong>Vnum</strong></span> <span class='ocrx_word' id='word_1_255' title='bbox 474 3724 648 3788; x_wconf 86' lang='lat' dir='ltr'><strong>Perottum</strong></span> <span class='ocrx_word' id='word_1_256' title='bbox 684 3721 781 3788; x_wconf 91' lang='lat' dir='ltr'><strong>video</strong></span> <span class='ocrx_word' id='word_1_257' title='bbox 815 3723 909 3788; x_wconf 86' lang='lat' dir='ltr'><strong>aliter</strong></span> <span class='ocrx_word' id='word_1_258' title='bbox 945 3746 1007 3788; x_wconf 93' lang='lat' dir='ltr'><strong>nec</strong></span> <span class='ocrx_word' id='word_1_259' title='bbox 1044 3744 1183 3812; x_wconf 84' lang='lat' dir='ltr'><strong>prorsus</strong></span> 
     </span>
     <span class='ocr_line' id='line_1_38' title="bbox 131 3803 1184 3896; baseline 0.003 -27"><span class='ocrx_word' id='word_1_260' title='bbox 131 3803 243 3895; x_wconf 89' lang='lat' dir='ltr'><strong>inepte</strong></span> <span class='ocrx_word' id='word_1_261' title='bbox 261 3808 419 3888; x_wconf 84' lang='lat' dir='ltr'><strong>sensisse,</strong></span> <span class='ocrx_word' id='word_1_262' title='bbox 441 3829 545 3894; x_wconf 91' lang='lat' dir='ltr'><strong>quum</strong></span> <span class='ocrx_word' id='word_1_263' title='bbox 560 3811 596 3875; x_wconf 91' lang='lat' dir='ltr'><strong>in</strong></span> <span class='ocrx_word' id='word_1_264' title='bbox 610 3809 802 3896; x_wconf 88' lang='lat' dir='ltr'><strong>Cornucop.</strong></span> <span class='ocrx_word' id='word_1_265' title='bbox 850 3853 859 3874; x_wconf 87' lang='lat'><strong>.</strong></span> <span class='ocrx_word' id='word_1_266' title='bbox 883 3813 957 3874; x_wconf 83' lang='lat'><strong>778.</strong></span> <span class='ocrx_word' id='word_1_267' title='bbox 982 3809 1053 3872; x_wconf 80' lang='lat' dir='ltr'><strong>ait:-</strong></span> <span class='ocrx_word' id='word_1_268' title='bbox 1075 3810 1184 3887; x_wconf 83' lang='lat' dir='ltr'><strong>„item</strong></span> 
     </span>
     <span class='ocr_line' id='line_1_39' title="bbox 132 3891 1183 3981; baseline 0 -24"><span class='ocrx_word' id='word_1_269' title='bbox 132 3913 151 3957; x_wconf 85' lang='lat' dir='ltr'><strong>a</strong></span> <span class='ocrx_word' id='word_1_270' title='bbox 171 3915 295 3959; x_wconf 88' lang='lat' dir='ltr'><strong>maneo</strong></span> <span class='ocrx_word' id='word_1_271' title='bbox 308 3891 349 3957; x_wconf 81' lang='lat' dir='ltr'><strong>-fit</strong></span> <span class='ocrx_word' id='word_1_272' title='bbox 364 3893 494 3957; x_wconf 73' lang='lat' dir='ltr'><strong>amians</strong></span> <span class='ocrx_word' id='word_1_273' title='bbox 510 3893 722 3974; x_wconf 85' lang='lat' dir='ltr'><strong>adverbium,</strong></span> <span class='ocrx_word' id='word_1_274' title='bbox 743 3917 809 3980; x_wconf 91' lang='lat' dir='ltr'><strong>quo</strong></span> <span class='ocrx_word' id='word_1_275' title='bbox 853 3893 1015 3981; x_wconf 84' lang='lat' dir='ltr'><strong>significat</strong></span> <span class='ocrx_word' id='word_1_276' title='bbox 1031 3893 1183 3981; x_wconf 87' lang='lat' dir='ltr'><strong>delonge‚</strong></span> 
     </span>
    </p>
   </div>
   <div class='ocr_carea' id='block_1_6' title="bbox 133 3977 1185 4153">
    <p class='ocr_par' dir='ltr' id='par_1_6' title="bbox 133 3977 1185 4153">
     <span class='ocr_line' id='line_1_40' title="bbox 133 3977 1185 4127; baseline -0.001 -84"><span class='ocrx_word' id='word_1_277' title='bbox 133 3980 228 4127; x_wconf 54' lang='grc' dir='ltr'><strong>311υεὶ</strong></span> <span class='ocrx_word' id='word_1_278' title='bbox 252 3977 293 4043; x_wconf 90' lang='lat' dir='ltr'><strong>ab</strong></span> <span class='ocrx_word' id='word_1_279' title='bbox 316 3989 588 4076; x_wconf 62' lang='lat' dir='ltr'><strong>submonente,</strong></span> <span class='ocrx_word' id='word_1_280' title='bbox 618 3990 652 4046; x_wconf 90' lang='lat' dir='ltr'><strong>et</strong></span> <span class='ocrx_word' id='word_1_281' title='bbox 674 3978 895 4076; x_wconf 33' lang='lat' dir='ltr'><strong>cornminus...</strong></span> <span class='ocrx_word' id='word_1_282' title='bbox 910 3980 1002 4066; x_wconf 91' lang='lat' dir='ltr'><strong>quod</strong></span> <span class='ocrx_word' id='word_1_283' title='bbox 1023 3979 1185 4066; x_wconf 85' lang='lat' dir='ltr'><strong>significat</strong></span> 
     </span>
     <span class='ocr_line' id='line_1_41' title="bbox 157 4064 1183 4153; baseline 0.002 -25"><span class='ocrx_word' id='word_1_284' title='bbox 157 4085 294 4153; x_wconf 60' lang='lat' dir='ltr'><strong>crecope,</strong></span> <span class='ocrx_word' id='word_1_285' title='bbox 318 4084 411 4150; x_wconf 77' lang='lat' dir='ltr'><strong>quasi</strong></span> <span class='ocrx_word' id='word_1_286' title='bbox 431 4088 449 4130; x_wconf 94' lang='lat' dir='ltr'><strong>a</strong></span> <span class='ocrx_word' id='word_1_287' title='bbox 465 4076 710 4149; x_wconf 84' lang='lat' dir='ltr'><strong>commanente,</strong></span> <span class='ocrx_word' id='word_1_288' title='bbox 725 4067 791 4131; x_wconf 90' lang='lat' dir='ltr'><strong>hoc</strong></span> <span class='ocrx_word' id='word_1_289' title='bbox 808 4076 858 4132; x_wconf 87' lang='lat' dir='ltr'><strong>est</strong></span> <span class='ocrx_word' id='word_1_290' title='bbox 871 4064 971 4131; x_wconf 77' lang='lat' dir='ltr'><strong>simul</strong></span> <span class='ocrx_word' id='word_1_291' title='bbox 985 4077 1152 4133; x_wconf 83' lang='lat' dir='ltr'><strong>manente.</strong></span> <span class='ocrx_word' id='word_1_292' title='bbox 1162 4076 1183 4104; x_wconf 80' lang='lat'><strong>‘⁶</strong></span> 
     </span>
    </p>
   </div>
   <div class='ocr_carea' id='block_1_7' title="bbox 0 0 1315 4770">
    <p class='ocr_par' dir='ltr' id='par_1_7' title="bbox 0 0 1315 4770">
     <span class='ocr_line' id='line_1_42' title="bbox 0 0 1315 4770; baseline 0 0"><span class='ocrx_word' id='word_1_293' title='bbox 0 0 1315 4770; x_wconf 95' lang='lat' dir='ltr'><strong> </strong></span> 
     </span>
    </p>
   </div>
  </div>
 </body>
</html>
