2618 4770
519 280 590 348 DE·
1021 294 1087 356 oar

59 472 62 477 .
107 436 325 592 Ξςωιογυᾶο
336 432 371 493 ‹lc
387 433 473 490 mart.
489 441 555 493 secet
578 438 711 493 amatam.
746 434 807 493 Vid.
823 437 1011 516 nourenberg.
1029 445 1085 502 aa·

145 537 204 575 aar.
222 537 250 590 p.
316 556 325 574 .

55 660 108 731 tl‘n
142 656 305 723 formavit
338 654 506 723 recentior
540 667 645 735 aetas,
677 656 713 723 in
743 659 985 749 componendis
1021 684 1084 729 vo·

35 740 154 827 fabulis
170 743 272 808 nimis
288 741 412 809 sedula.
454 742 499 808 Et
515 742 654 830 vulgaris
680 743 816 842 quidem
834 747 967 834 loquela
991 749 1085 816 vide·

47 838 96 899 'tn'r
105 849 318 929 quocumque
332 837 484 917 tempore
500 852 543 893 ex
557 829 718 896 adverbiis
733 852 834 896 novas
849 832 976 900 formas
990 854 1084 900 com-

38 916 200 1011 'parunse‚
250 916 333 1001 qua'e
358 925 475 1001 postea
507 937 526 978 a
558 915 774 1002 scriptoribus
803 931 955 1007 receptae
994 921 1083 1008 apud

30 1000 267 1095 tpammaticos
289 1001 568 1087 vituperationem
595 1023 663 1064 non
698 1001 895 1086 effugerunt.
946 1005 994 1071 Ita
1019 1006 1082 1072 de-

33 1098 163 1162 --anrra
181 1087 222 1151 de
238 1107 306 1173 quo
322 1106 422 1178 supra
441 1082 565 1172 ptine:
591 1085 736 1167 deintus,
753 1088 843 1152 cuius
860 1090 1012 1179 exempla
1028 1091 1083 1156 af-

46 1172 99 1243 lcrt
116 1172 296 1239 Muncker.
321 1173 361 1236 ad
384 1170 441 1236 Ful
467 1181 534 1235 ent.
556 1171 715 1259 Exposit.
733 1194 833 1238 serm.
858 1186 925 1239 ant.
943 1200 986 1263 p.
1006 1181 1080 1243 777.

35 1257 270 1355 ,biirmanmad
286 1195 481 1354 Anthol5'i.
501 1263 530 1322 1.
576 1261 676 1323 .157.
718 1260 832 1346 Veget.
846 1262 916 1325 Art.
932 1272 1033 1326 veter.
1050 1264 1083 1343 4,
1142 1264 1145 1268 ’

31 1348 69 1437 0,
79 1352 126 1411 2·
152 1342 255 1431 Apud
269 1340 478 1430 Fulgentrum
494 1280 593 1407 codd.

38 1430 94 1497 -doo
108 1429 286 1518 appellari
307 1429 482 1493 voluerunt
498 1429 656 1493 cellarios
671 1453 726 1507 eo,
748 1430 838 1516 quod
852 1431 986 1495 deintus
996 1453 1082 1518 pro-

34 1528 139 1585 ruant.
165 1514 219 1580 Cf.
230 1515 380 1601 Pompeii
390 1515 628 1578 Commeatum
645 1538 679 1601 p.
689 1517 763 1584 343.
791 1514 975 1600 Deprocul,
991 1517 1081 1601 quod

603 1342 777 1429 praebent:
797 1366 936 1430 promor
953 1359 986 1410 ot
1002 1369 1082 1410 oon-

34 1602 70 1669 tiu
85 1613 147 1669 ret.
157 1602 251 1666 libris
259 1600 363 1664 Plauti
379 1599 499 1686 legitur
507 1602 596 1665 Pers.
612 1602 644 1680 l,
658 1606 691 1682 2,
707 1605 737 1663 6.
757 1622 825 1688 ogo
841 1601 922 1666 illuc
939 1601 1082 1687 adspice
1176 1620 1179 1625 ·

31 1686 198 1775 :ataprocct
219 1687 258 1751 in
282 1698 507 1771 conspectum.
532 1687 567 1750 in
583 1695 674 1750 tanta
689 1684 786 1749 huius
802 1686 868 1751 loci
893 1689 1080 1775 corruptela

28 1775 92 1841 ¹vix
110 1773 238 1861 poterit
260 1770 400 1836 defendi.
450 1770 501 1836 Cf.
532 1772 687 1835 Vorstius
715 1772 765 1835 de*
782 1772 853 1836 Lat.
884 1772 958 1838 fals.
988 1793 1078 1862 susp.

41 1865 167 1949 piot.
226 1857 341 1943 Neque
366 1857 502 1921 verbum
535 1857 685 1943 deprope
712 1858 876 1922 veteribus
910 1859 1080 1947 cognitum

46 1954 113 2013 crat.
136 1944 212 2009 vid.
231 1943 425 2008 Godescalci
440 1943 610 2007 Observat.
625 1966 660 2031 p.
677 1943 752 2011 647.
794 1941 945 2042 Desoros
961 1945 1081 2030 legitur

10 2028 302 2117 ·.·'ininscriptione
323 2029 409 2116 apud
429 2030 610 2093 Gruterum
633 2053 667 2116 p.
685 2030 760 2093 573.
779 2033 808 2093 1.
834 2038 871 2092 ert
894 2028 1079 2115 Capitolio,

10 2108 25 2153 ζ’
47 2114 88 2183 od
101 2138 202 2183 oram
216 2114 333 2208 gentis
345 2114 459 2178 Iuliae
476 2111 616 2202 clefor‘os
624 2113 736 2199 podio
754 2114 975 2191 sinisteriore.
1003 2115 1079 2181 De·
1199 2178 1202 2184 .

10 2186 12 2217 1
40 2198 120 2291 jorio
137 2202 223 2326 apud
246 2201 389 2264 Plinium
408 2199 622 2264 Valerianum
642 2199 683 2263 de
705 2199 753 2263 Re
774 2199 900 2264 medica
921 2205 956 2281 1,
973 2206 1027 2266 31.
1047 2210 1079 2265 et

10 2332 14 2343 ·
49 2286 314 2375 rpudlegetium
328 2289 398 2350 Art.
420 2295 484 2350 vet.
503 2284 647 2363 1,9,4.
670 2290 707 2363 1,
726 2284 777 2348 15.
793 2286 825 2348 4.
868 2284 927 2348 Est
952 2289 1079 2350 extrin-

10 2382 15 2435 ἰ·
49 2394 141 2439 ucus.
198 2372 312 2436 Verbis
342 2371 478 2436 desecas
508 2381 541 2436 et
565 2369 700 2434 delatos
737 2371 842 2434 utitur
867 2368 1078 2449 Innocentius

52 2459 251 2547 agrimensor.
295 2457 372 2524 Vid.
397 2457 533 2521 Salmas.
558 2455 598 2520 ad
622 2455 765 2542 Capitol.
783 2455 873 2543 Opil.
896 2455 1000 2520 Macr.
1026 2461 1077 2521 11.

10 2576 13 2591 =
50 2540 92 2609 De
112 2566 188 2619 uoce
210 2536 331 2629 depost
358 2544 440 2606 Pom
466 2542 534 2605 eius
568 2542 760 2606 Comment.
789 2547 849 2625 29,
875 2546 907 2606 3.
938 2565 974 2630 p.
999 2547 1077 2607 396.
1106 2544 1109 2548 ’
1175 2544 1178 2550 ’

10 2634 12 2639 ’
50 2628 118 2695 item
137 2626 303 2719 quomodo
327 2628 418 2692 male
439 2567 636 2715 iirqzrnutur,
664 2626 764 2692 modo
788 2627 841 2692 ito
866 2624 985 2692 dicunt
1008 2626 1078 2692 de-

48 2727 135 2803 post
163 2710 295 2781 illudo
324 2712 531 2779 ambulat.
573 2712 868 2799 Depraepositio
893 2724 962 2788 est,
981 2723 1078 2801 post

48 2801 245 2889 praepositio
266 2812 336 2864 est:
366 2822 427 2864 eae
453 2799 542 2863 clrioe
564 2799 837 2884 praepositiones
860 2821 929 2862 non
953 2798 1078 2861 coboe-

51 2898 121 2954 rcnt.
162 2883 243 2952 Non
258 2886 348 2950 licet.
393 2884 457 2949 Sed
478 2885 657 2968 Pompeius
674 2883 826 2971 deinceps
842 2882 952 2968 pergit
967 2903 1076 2967 expo·

49 2990 117 3039 uere
139 2992 287 3038 caussam
310 2971 407 3035 huius
425 2969 692 3056 compositionis,
716 2990 780 3054 qua
801 2969 883 3032 duae
898 2967 1078 3054 particulae

10 3066 21 3119 ¹.
47 3069 123 3124 recte
139 3057 339 3145 copulantur
361 3056 395 3123 in
412 3076 517 3120 unum
538 3052 755 3133 vocabulum,
778 3063 810 3118 et
828 3053 879 3119 vel
902 3075 980 3138 prae
1007 3047 1077 3116 osi-

47 3142 132 3209 tionis
165 3142 235 3208 vel¹
250 3140 395 3207 adverbii
449 3149 622 3205 otostatem
660 3148 833 3226 occupant.
889 3138 938 3202 lta
990 3134 1078 3221 estid,

46 3226 198 3317 desuper,
231 3226 378 3307 deliine.
405 3164 545 3300 deinde,
575 3225 769 3299 desursum,
798 3224 878 3306 clia,
907 3244 990 3310 quae
1011 3222 1078 3286 suis

43 3310 116 3381 locis
136 3312 221 3381 vide.
263 3312 441 3376 Haccsunt
468 3313 601 3398 antiqua
623 3317 656 3375 et
678 3309 829 3375 meliora.
872 3307 973 3389 Quod
996 3304 1078 3372 Hei·
1156 3313 1160 3321 ’

43 3402 161 3466 nescius
185 3399 219 3463 in
236 3397 393 3463 Fundam.
411 3396 476 3463 stil.
499 3398 578 3463 cult.
607 3418 643 3494 p.
660 3402 736 3461 312.
761 3392 858 3460 affort
880 3394 1022 3473 cleonte,
1042 3395 1078 3458 in

42 3489 174 3567 modu'm
208 3484 388 3551 verborum
417 3482 560 3561 abacto,
605 3493 725 3548 inante
755 3479 957 3563 formatum,
992 3500 1076 3544 nus*

42 3592 136 3661 quam
148 3572 227 3659 legi.

114 3710 149 3775 8.
170 3704 343 3794 Elegantia
362 3706 528 3793 speciosa,
558 3722 659 3791 quam
681 3701 786 3769 critici
808 3701 844 3767 in
869 3720 946 3766 crim
964 3700 1077 3764 obser-

41 3808 125 3858 vatas
141 3793 205 3859 sibi
223 3790 436 3873 videbantur,
459 3792 557 3855 etiam
571 3791 606 3855 in
621 3790 665 3854 cle
686 3799 798 3853 notata
821 3798 886 3852 est:
916 3786 1079 3934 elepanter
1114 3798 1139 3867 Ἰ

40 3875 204 3968 interponi
212 3876 498 4030 praepositionem
517 3877 605 3940 inter
627 3875 864 3939 substantivum
888 3883 921 3937 et
943 3895 960 3935 a
985 3870 1078 3936 iecti-

40 3980 125 4031 tum.
167 3966 210 4030 Vi

235 3988 269 4045 c,
295 3984 379 4050 quae
404 3961 545 4025 diximus
569 3984 604 4048 p.
622 3965 695 4026 167.
715 3970 748 4027 et
761 3958 929 4027 Drakenb.
953 3955 995 4021 ad
1009 3954 1078 4019 niv.
1204 4028 1207 4033 1

42 4052 150 4125 219,
170 4054 202 4115 8.
229 4053 367 4129 22‚11,
387 4050 414 4111 1.
456 4047 673 4134 Postponitur,
692 4045 824 4130 depost
839 4044 983 4108 relativa.
1025 4037 1078 4101 Cf.
1199 4115 1203 4122 .

43 4130 214 4203 liubnkent
244 4134 285 4201 ad
302 4130 425 4203 vallet.
455 4132 491 4196 P.
516 4137 556 4214 2,
578 4136 640 4215 91,
655 4138 695 4199 ·2.
743 4128 878 4221 Walch.
908 4126 949 4193 ad
974 4122 1105 4223 Tacit..

42 4236 52 4243 ”
753 4232 833 4297 15*
