2618 4770
59 315 61 319 ,
128 243 192 310 264

561 233 737 302 DEMVM.

195 398 246 464 13,
261 396 289 451 2.
311 399 369 452 nass
390 392 509 466 domurn,
537 397 654 483 ‘fimf
677 405 776 461 poaque
798 387 868 443 lente
888 393 1110 458 caudamque,
1133 407 1177 446 aa·

193 485 281 537 niani.

234 554 330 638 Livius
343 552 426 652 saepe
440 577 599 651 praemissis
613 576 758 647 ablativlss
774 576 808 644 2,
823 575 876 644 29,
893 576 919 632 l.
945 583 1061 649 serapin
1079 596 1111 639 re
1131 596 1176 635 sa-

198 662 234 727 tis
251 676 373 739 experta,
391 676 448 721 tum
463 668 566 719 demum
583 667 700 729 consules
720 663 883 742 (dixerunt).
997 668 1000 673 '

212 768 216 775 ¹
232 776 275 827 lle
288 773 423 841 scriptura
436 777 500 824 tanc
514 771 617 822 demum
633 768 679 821 vix
693 765 795 837 poterit
808 768 907 839 regula
921 766 1010 823 condi.
1032 766 1089 822 rid.
1104 768 1175 849 lifa-

197 859 279 913 lsenlr.
298 858 331 911 ad
348 855 410 908 aiv.
422 854 472 920 41,
489 853 523 919 3,
539 850 565 906 5.
599 852 715 922 Legitur
738 851 798 905 sine
817 852 970 922 scripturae
989 854 1175 927 discrepantia

197 943 271 1012 apud
291 942 402 995 Celsum
426 936 460 1004 3,
475 937 501 989 6.
526 957 552 1006 p.
570 936 629 993 136.
656 937 690 1004 3,
706 938 749 992 16.
773 956 801 1007 p.
817 938 877 992 139.
906 946 935 993 et
961 941 1034 1008 apud
1063 941 1173 997 Suessa

197 1028 293 1091 claud.
315 1023 340 1080 5.
378 1024 509 1078 Columel.
525 1024 574 1088 12,
593 1023 677 1088 23,1.
696 1029 724 1076 et
745 1024 832 1092 prael.
849 1022 913 1077 libr.
931 1024 956 1077 1.
980 1030 1050 1078 extr.
1077 1027 1172 1101 Senec,

135 1138 138 1151 ·
197 1116 250 1185 Ep.
265 1112 332 1178 121,
349 1110 375 1163 3.
400 1109 449 1162 ubi
463 1126 526 1161 eum
547 1109 673 1178 graviori
691 1109 721 1162 ri
736 1109 862 1178 positam.
899 1110 1044 1165 Goerdirns.
1059 1111 1094 1177 ad
1116 1111 1171 1167 cte.

195 1199 231 1252 de
249 1199 317 1267 Leg.
331 1197 365 1261 2,
381 1193 413 1262 4,
431 1194 473 1247 lo.
491 1202 548 1247 tuns
565 1197 674 1265 deniqne
689 1202 717 1249 et
731 1202 788 1247 sun
803 1195 906 1247 demam
921 1195 1056 1263 quomodo
1074 1196 1170 1253 (listin-

133 1276 139 1285 *
197 1289 282 1355 goat,
306 1280 371 1334 ride
388 1280 417 1332 in
435 1295 567 1343 namara.

242 1383 332 1438 Tacit.
356 1384 425 1437 Ann.
443 1383 475 1447 1,
491 1381 534 1434 (il.
553 1399 605 1434 non
622 1384 726 1436 dennuni
740 1383 898 1436 inclinantes
916 1389 971 1435 tum
984 1366 1102 1452 legiones
1123 1383 1170 1438 ad·

194 1488 286 1526 uersae
304 1486 416 1539 pugnae
430 1468 531 1519 eremit.
565 1467 609 1518 Ita
624 1484 712 1534 nuper
731 1467 822 1520 critici
843 1466 1019 1520 restituerunt
1040 1486 1104 1520 cans
1126 1487 1169 1522 ex-

192 1554 359 1623 plicatione:
376 1559 451 1618 tum,
470 1569 553 1620 quam
570 1569 623 1604 nox
641 1558 718 1605 erat:
738 1553 786 1604 scd
803 1552 850 1620 qui
869 1552 909 1604 ita
923 1568 1053 1620 umquam
1077 1556 1168 1623 loqua-

196 1645 240 1691 tus
263 1637 363 1702 faerit,
384 1655 438 1689 non
459 1636 623 1689 indicarunt.
657 1637 768 1706 Optime
792 1636 948 1691 emendavit
968 1638 1168 1693 Freinshemius

193 1723 352 1777 inclinantes
370 1724 425 1776 iam
442 1723 567 1793 legiones.

211 1877 245 1941 lt.
282 1875 345 1940 Sed
372 1875 433 1941 alia
458 1896 590 1962 quoque
617 1873 715 1939 rerba
743 1896 819 1940 cum
846 1876 990 1966 simplici
1013 1876 1165 1965 particula

80 1977 83 1989 '
129 1964 434 2050 coniungebantur,
458 1963 514 2025 ubi
536 1962 710 2025 dicendum
727 1973 805 2042 erat,
827 1984 898 2027 rem
919 1988 989 2028 non
1007 1967 1071 2030 alio
1088 1979 1164 2031 tem-

127 2073 229 2138 pore,
251 2058 392 2130 autnon
414 2059 488 2114 aule
505 2047 627 2112 faelem
647 2061 735 2126 csse',
756 2050 823 2113 sire
842 2050 1017 2115 adderetur
1039 2064 1166 2140 tempo

126 2139 172 2202 ris

198 2157 342 2214 nornen,
366 2135 433 2201 sive
456 2134 677 2221 participium.
724 2134 797 2214 Qua
819 2133 963 2199 formula
988 2161 1086 2225 saepe
1100 2161 1166 2204 er*

126 2221 294 2310 primitur,
318 2243 394 2286 rem·
415 2221 548 2284 nonnisi
566 2220 673 2304 eliqua
690 2220 884 2285 conditione
901 2224 1099 2310 interposita
1120 2226 1163 2291 is·

126 2319 214 2460 ptam
244 2329 323 2373 esse.
360 2306 558 2373 tReeentior
580 2316 666 2370 aetas
690 2307 868 2396 usurpabat
887 2309 1086 2397 simpliciter
1103 2333 1186 2403 pro·

153 2417 281 2484 easque.

231 2508 344 2571 Terent.
358 2513 408 2567 dd.
423 2512 457 2578 5,
477 2512 510 2577 8,
526 2510 568 2565 15.
587 2528 637 2582 ego
653 2530 736 2566 naeus
749 2513 861 2566 snaritsn
876 2534 947 2569 anno
965 2519 1070 2573 deornm
1084 2521 1164 2592 perinte

195 2609 222 2656 et
243 2601 405 2671 sexagesimo
414 2597 507 2665 fiam?
542 2596 622 2651 octa.
642 2599 709 2651 Met.
725 2598 776 2663 13,
790 2599 852 2652 269.
876 2589 974 2655 decisio
997 2607 1105 2659 demum
1121 2626 1165 2678 ps·

179 2687 337 2757 gerasimus
350 2701 430 2736 anno.
447 2679 467 2734 i.
483 2697 507 2733 e.
525 2682 630 2734 cratim
644 2682 757 2736 aetates
773 2684 866 2740 delire.
884 2687 956 2742 Plio.
981 2689 1032 2759 Ep.
1046 2690 1072 2757 5,
1087 2691 1117 2760 li,
1130 2693 1165 2747 lt.

194 2771 277 2825 tantis
290 2770 375 2839 glebis
394 2767 588 2820 tenacissimum
600 2768 683 2820 solum
699 2786 778 2836 quum
795 2771 912 2840 primunt
929 2784 1108 2843 prosecatur,
1129 2795 1167 2832 as-

193 2855 298 2924 surgit,
316 2859 346 2905 ut
360 2871 429 2906 nono
443 2853 547 2905 denium
563 2852 634 2904 sulco
647 2855 823 2922 perdometur.
857 2857 955 2910 Horat.
968 2858 1025 2912 Sat
1046 2860 1071 2925 1,
1088 2859 1116 2927 5,
1130 2861 1169 2916 23.

195 2947 295 3010 paona
305 2938 349 2991 eis
363 2939 466 2992 demum
483 2939 635 3009 exponimur
652 2941 727 2993 liora.
760 2940 833 2994 Plln.
845 2941 932 3011 Epist.
947 2941 979 3009 7,
996 2943 1029 3010 2,
1044 2944 1070 2997 2.
1090 2948 1183 3011 aem,

194 3026 305 3079 demum.

238 3124 330 3180 Pla‘nt.
345 3125 448 3178 Bacch.
463 3124 490 3192 2,
504 3121 531 3191 3,
547 3123 591 3178 36.
606 3133 746 3197 postquam
762 3127 866 3196 puidcm
877 3135 988 3198 praetor
1002 3142 1172 3203 recuperato·

193 3228 235 3266 res
250 3213 330 3276 dedit,
349 3213 492 3264 damnatus
507 3213 619 3277 demant,
634 3215 662 3265 oi
673 3221 776 3267 coactas
790 3215 907 3266 reddidit
918 3215 1042 3269 ducentos
1060 3226 1086 3270 et
1100 3220 1173 3272 mille

191 3298 350 3366 philippum.
368 3294 387 3349 i.
406 3313 430 3349 e.
445 3312 500 3349 non
518 3301 679 3364 antequam
697 3297 839 3350 damnatus
857 3291 935 3351 esset.
972 3301 1083 3356 sueton.
1099 3305 1172 3376 Aug.

192 3381 236 3434 31.
252 3389 390 3450 postquam
404 3398 465 3433 aero
478 3381 661 3450 pontificatum
675 3383 833 3447 marimum,
854 3401 928 3452 quens
953 3403 1099 3457 numquam
1115 3391 1174 3442 oica

192 3465 293 3535 Lepido
314 3468 421 3531 anferre
442 3466 617 3529 sustinuerat,
644 3473 747 3518 mortuo
772 3467 876 3520 demam
897 3470 1017 3537 suscepit.
1037 3470 1175 3527 issent

192 3551 263 3602 necle
278 3551 368 3602 descen
383 3552 462 3604 Tode.
498 3550 575 3603 Caes.
588 3549 631 3600 23.
650 3567 710 3601 moa
725 3556 751 3602 et
764 3551 819 3620 ipse
834 3572 852 3606 a
868 3555 899 3606 la
914 3555 1047 3619 Antistio,
1065 3535 1173 3610 temni

191 3635 292 3705 plebis,
312 3635 480 3704 postulatus,
505 3634 638 3702 appellato
662 3635 764 3687 demum
788 3639 916 3708 collegio,
944 3639 1074 3704 obtinuit,
1091 3659 1172 3709 possa

193 3721 353 3800 reipuplicae
374 3736 468 3777 caussa
492 3718 606 3783 adesset,
631 3737 690 3771 reus
712 3723 841 3788 nefieret.
860 3721 879 3774 i.
896 3738 920 3773 e.
944 3732 1064 3776 nacerat
1086 3726 1172 3787 nucle-

152 3870 156 3883 .
193 3805 253 3856 dein
273 3822 301 3856 er
317 3822 355 3858 an
372 3804 421 3856 das
437 3803 584 3872 Collegium
608 3805 735 3872 appellirt
756 3806 839 3859 hatte.
872 3805 967 3858 lustin.
981 3807 1014 3871 1,
1028 3806 1062 3873 i,
1078 3808 1105 3863 3.
1123 3811 1171 3864 do

191 3889 263 3941 utitis
280 3890 383 3940 demum
397 3887 543 3955 plerisque,
565 3905 643 3956 pnum
657 3890 784 3943 adversus
798 3893 958 3960 Babylonios
981 3894 1077 3945 bellurn
1091 3911 1172 3964 gese-

192 3979 241 4036 set,
263 3970 416 4038 Babyloniis
430 3988 475 4023 rer
493 3972 626 4039 Lydorum
640 3974 749 4029 Croesos
765 4004 800 4015 -
817 3978 846 4029 in
862 3978 992 4028 cnsilium
1008 3979 1090 4031 vend.

228 4073 339 4128 Sueton.
360 4073 442 4130 Galo.
456 4073 483 4129 3.
508 4078 576 4147 quod
596 4079 720 4148 oppidana
742 4079 893 4149 Hispaniae
913 4082 1024 4146 frustra
1045 4083 1094 4135 diu
1120 4100 1170 4153 op·
