2618 4770
319 230 559 318 roeruro.
606 230 839 313 ronuvuv.
1036 235 1099 337 us

62 404 131 471 quo
144 381 298 477 fortuitu
322 394 447 473 perstet
471 383 540 449 sine
564 380 727 449 librorum
750 383 979 537 discrepantia.
1023 388 1100 468 Quo

59 470 162 555 igitur
178 470 281 535 modo
305 470 520 535 constituetur
542 478 666 532 certum
691 466 846 553 iudicium
905 473 1032 538 Giesius
1057 472 1100 537 ad

61 556 131 620 Cic.
156 554 196 619 de
217 556 291 621 Div.
313 561 346 636 2,
370 561 401 637 7,
425 559 475 619 18.
515 554 734 641 antiquiorem
770 553 918 625 termam
954 558 1099 645 appellat

48 634 224 729 fortium,
246 641 297 706 vel
320 639 363 705 ob
384 642 489 728 ipsam
507 636 592 703 bene
619 656 762 703 caussam
784 640 935 725 Ciceroni
950 665 1018 710 non
1038 643 1100 706 ob-

60 723 269 790 trudendam.
309 726 387 807 Quo
402 724 485 790 nibil
500 722 624 789 falsius.
666 721 909 811 Namsortuitu
925 740 994 793 non
1014 728 1100 792 anti-

87 830 129 873 ua
153 821 209 874 est
235 809 363 889 forma,
399 811 456 875 sed
478 808 720 891 recentissima,
756 822 862 896 neque
884 833 1042 899 umquam
1065 815 1100 877 in

59 832 173 981 lingua
196 896 294 961 latina
318 896 383 960 fuit
405 893 644 995 substantip'um
657 893 836 993 fortuitae.
881 896 947 961 Sed
970 899 1098 963 saeculo

59 980 475 1129 ttttttttlilutt
488 976 1100 1153 iiiiiiiiiiiiiiiiiiilp‘ii]

57 1149 157 1213 nibus
172 1148 410 1214 exhibebantur
429 1149 564 1213 nomina
589 1170 696 1236 agre,
726 1170 797 1213 unu
812 1149 905 1221 locri.
929 1150 1097 1215 sedetiam

60 1234 211 1298 inlibris
228 1232 397 1322 fortuitu,
424 1235 603 1321 gratuitu,
636 1232 677 1297 de
694 1254 767 1382 quo
788 1234 860 1299 vide
879 1235 1036 1299 Torreat.
1060 1236 1101 1300 ad

62 1318 152 1384 Suet.
164 1320 319 1384 Gemit.
336 1330 367 1384 et
378 1320 533 1406 Heusing.
551 1319 591 1383 ed
604 1318 672 1382 Cio.
717 1318 816 1383 eOff.
854 1321 953 1385 ute.
985 1342 1103 1407 qnam-

62 1424 163 1491 quem
182 1404 398 1484 substantive,
423 1404 509 1469 uude
531 1403 744 1484 ducerentur,
773 1342 862 1468 nulla
877 1406 988 1468 erent.
1034 1406 1102 1469 Nec

60 1489 154 1575 quod
171 1489 258 1575 apud
279 1491 474 1555 Ciceronem
488 1512 522 1553 se
536 1489 696 1555 invenisse
712 1487 841 1575 Sylvius
860 1490 895 1552 in
911 1490 1100 1554 Commeat.

65 1573 109 1638 ed
128 1574 219 1638 Orat.
241 1574 385 1662 psalle
406 1576 438 1638 t.
461 1572 538 1638 dicit
560 1574 682 1639 sortita
703 1595 766 1659 pro
782 1574 921 1655 sortito,
943 1594 1100 1659 umquam

59 1658 96 1724 in
119 1658 313 1725 latinitatem
342 1670 512 1746 receptum
542 1670 604 1723 eet.
652 1658 886 1744 Antiquiorum
919 1668 1096 1745 poetarum

59 1763 164 1809 nemo
180 1766 338 1830 umquem
361 1744 443 1809 dixit
456 1743 626 1843 fortuitu,
653 1764 714 1808 nec
736 1744 867 1807 Plautus
887 1744 924 1809 in
942 1745 1051 1809 Aulut.
1067 1750 1100 1822 2,

63 1834 96 1908 1,
112 1829 165 1892 41.
188 1828 401 1916 ubifortuito
420 1829 497 1894 edit.
513 1830 616 1917 princ.
635 1838 666 1891 et
681 1848 797 1893 omues
818 1829 946 1895 codices
966 1828 1102 1909 babent,

61 1924 193 2011 praeter
215 1936 319 1979 unum
341 1915 473 2014 Langii,
511 1914 566 1998 qui
589 1912 676 1978 idem
699 1923 748 1977 est
771 1915 945 2061 palatinus.
985 1915 1101 2001 Neque

63 2021 98 2071 in
122 1998 287 2063 Ciceronis
303 1998 343 2063 de
361 2000 426 2063 Oti.
445 2005 475 2079 1,
489 2002 542 2077 29,
559 2002 630 2061 103.
650 2007 681 2061 et
699 1998 772 2065 inP
799 2000 832 2063 it.
848 2005 902 2078 10,
918 2006 951 2080 2,
966 2004 998 2065 6.
1018 2011 1050 2065 et
1064 2002 1102 2065 in

62 2081 139 2147 libr.
156 2083 197 2147 ad
213 2086 356 2148 Herenn.
369 2090 399 2161 t,
416 2088 467 2147 tt.
496 2102 566 2145 non
585 2081 708 2144 variant
723 2081 868 2146 codices:
890 2085 925 2147 iu
940 2084 1044 2171 Epist.
1060 2086 1101 2151 ad

61 2164 155 2233 Fam.
170 2170 201 2238 5,
218 2172 250 2245 7,
266 2170 295 2229 6.
317 2164 406 2229 etde
425 2164 492 2229 Ofl.
512 2170 542 2243 1,
560 2170 611 2241 29,
631 2169 703 2229 103.
724 2166 843 2251 optimi
854 2168 1015 2253 praebent
1021 2170 1101 2259 sor-

12 2320 25 2339 ἐ
61 2250 168 2330 tuito,
189 2249 455 2349 demptura.
479 2248 807 2331 deOrat.t,24,111.
830 2250 1097 2333 Tuae.1,41‚9s.

65 2355 193 2400 omnes.
213 2333 249 2399 ln
265 2334 347 2399 Livii
360 2334 504 2399 historiis
518 2354 679 2419 nusquam
692 2335 834 2399 occurrit
848 2334 1101 2401 documentum:

62 2421 167 2483 immo
191 2418 336 2501 librarii,
369 2420 425 2506 qui
453 2423 568 2505 8,,111,Ι
587 2424 616 2485 1.
648 2416 728 2482 adeo
759 2419 899 2486 scribere
922 2432 1100 2509 potuerunt

53 2501 208 2592 fortuitu
231 2526 409 2586 consensu,
447 2504 544 2569 etiam
566 2502 643 2577 alibi
668 2501 813 2575 formam
837 2527 963 2571 novam.
980 2506 1101 2571 substi-

63 2588 163 2652 tuisse
177 2587 338 2653 videntur.
381 2587 659 2655 (lons-Drakenb.
675 2588 937 2673 adtiv.2‚2t‚1.
973 2592 1100 2673 Quam-

37 2688 42 2699 '
63 2674 112 2737 vis
126 2673 227 2758 igitur
244 2673 344 2760 aliqui
368 2668 496 2738 codides
520 2674 555 2736 in
576 2673 643 2739 Cic.
669 2673 709 2737 de
729 2674 798 2739 Fin.
816 2676 847 2756 5,
866 2680 915 2749 11,
931 2680 984 2743 83.
1011 2687 1043 2743 et
1064 2679 1100 2741 in

63 2760 178 2844 Agrar.
200 2762 282 2839 2,7,
302 2763 351 2823 17.
376 2768 408 2822 et
430 2759 471 2823 de
493 2758 566 2822 Div.
589 2765 621 2836 2,
642 2761 673 2834 7,
699 2762 750 2823 18.
781 2770 811 2825 ct
836 2762 871 2824 in
895 2760 1021 2827 Timae.
1047 2768 1097 2826 18.

53 2842 206 2935 fortuitu
222 2842 443 2929 suppeditent,
458 2866 527 2907 non
544 2842 604 2907 erit
621 2842 684 2906 hoc
700 2841 834 2907 firmum
848 2844 1100 2911 fundamentum

65 2928 258 3015 antiquioris
282 2949 370 2992 usus.
411 2930 516 2993 Etiam
541 2926 629 3013 apud
652 2926 735 2993 Plin.
760 2930 842 2992 Hist.
859 2953 894 2995 n.
914 2938 964 3013 11,
980 2936 1032 3007 87,
1048 2936 1101 2998 56.

66 3012 140 3077 eod.
155 3011 304 3075 leidensis
319 3010 461 3092 fbrtuito
477 3012 621 3075 exhibet.
663 3012 760 3101 Apud
771 3014 975 3081 tractantium
992 3024 1059 3097 1,2,
1072 3025 1101 3081 1.

65 3108 98 3163 et
113 3095 199 3185 apud
210 3096 361 3161 Solinum
376 3097 454 3182 (vid.
465 3096 682 3184 Oudendorp.
697 3099 771 3161 adt
798 3099 961 3167 uleiblet.
965 3124 1005 3249 p
1013 3103 1100 3186 495.)

64 3192 99 3248 et
120 3179 207 3269 apud
230 3181 411 3267 Sulpicium
436 3183 592 3245 Severum
615 3182 649 3244 in
674 3183 748 3247 Vita
808 3184 889 3248 arini
913 3192 944 3251 9.
980 3198 1101 3251 ortasse

64 3266 185 3332 servari
199 3266 501 3351 poterit-fortuitu.¹
517 3266 568 3331 vd.
588 3266 795 3331 Biinemann.
813 3268 853 3330 ad
868 3275 899 3349 1,
916 3277 947 3346 2,
965 3278 993 3336 1.
1013 3283 1045 3335 et
1060 3273 1101 3337 ad

63 3353 97 3427 ⁵,
112 3356 165 3429 20,
184 3350 233 3413 14.
267 3346 395 3417 Tamen
411 3353 509 3417 etiam
524 3350 572 3417 ibi
586 3361 618 3416 et
634 3352 721 3439 apud
736 3353 911 3418 Boethium
926 3358 957 3422 5.
971 3379 1061 3443 pros.
1071 3365 1100 3427 1.

63 3436 251 3524 discrepant
269 3434 344 3499 libri
364 3437 486 3523 scripti.

166 3555 199 3607 In
214 3552 374 3622 quibusdam
389 3555 467 3608 libris
483 3554 601 3611 vitruvii
614 3518 737 3629 fortuitu.
746 3563 853 3612 exstare
867 3565 981 3614 narrant
995 3562 1102 3615 Wesse-

133 3638 235 3707 lingiue
257 3638 371 3691 Observ.
394 3639 419 3703 l,
440 3638 482 3693 ta
507 3648 535 3695 et
554 3641 725 3709 Oudendorp.
749 3643 783 3694 ed
809 3644 919 3696 Sueten.
944 3643 1040 3697 Tibur.
1057 3645 1099 3698 39.

133 3722 176 3776 ci.
196 3721 364 3775 Torrentius.
384 3722 496 3775 Caesari
513 3726 628 3788 fortuito
641 3725 763 3781 vindicat
788 3726 991 3794 Oudendorpiue
1012 3728 1047 3779 ed
1067 3731 1100 3782 B.

135 3806 202 3875 gell.
211 3803 238 3871 7,
246 3805 289 3858 21).
324 3808 356 3859 In
373 3806 625 3871 Iuvenal.13,225.
649 3809 758 3864 librarii
773 3830 853 3867 suum
866 3807 988 3882 fortuite
1003 3814 1102 3866 substi-

132 3895 243 3946 tuerunt
256 3891 421 3959 elegantiori
433 3893 518 3945 verbo
527 3887 671 3962 fortuitus.

138 4002 180 4074 '1.
204 4006 256 4072 De
280 4006 516 4096 significatione
539 3988 636 4075 huius
658 4001 808 4079 vocabuli
821 4012 945 4085 ,eadem
965 4013 1100 4082 dicenda
