2618 4770
85 417 96 448 i·
200 392 353 456 statana
361 389 392 448 in
404 392 456 448 teli
470 394 617 452 suueuia.
637 397 688 452 Ilst
703 413 770 450 varo
786 395 926 452 ablativus
942 404 971 452 et
984 394 1081 454 eadam
1097 417 1180 457 voca·
1204 386 1207 391 Ι

85 476 114 529 ?-'
202 480 325 533 bolarum
346 478 524 548 compositio,
546 499 600 550 qua
615 482 727 537 Sallust.
745 483 808 552 lug.
819 483 887 550 104,
903 484 930 541 3.
969 486 1088 539 Bocchus
1102 506 1181 556 quum

85 588 92 620 r
203 573 302 630 caua,
315 571 374 619 tum
388 582 509 619 maxume
524 568 715 638 benignitatem
732 576 758 620 ct
772 564 889 620 stodiam
912 571 1005 625 Sullae
1028 573 1179 627 labens'oc-
1192 583 1197 595 ¹

85 674 90 707 ι
202 651 265 721 oepit.
304 650 523 717 curt.9,1‚l.
557 653 759 709 Alexander-
776 653 881 718 docuit,
898 656 1025 729 quidquid
1043 657 1118 710 ludis
1138 660 1179 711 vi·
1243 701 1246 706 .

85 741 88 791 ῑ
196 738 259 791 rtem
283 737 403 802 suisset,
435 737 486 788 illa
523 737 691 794 dimicatione
720 744 903 807 prostratores
940 747 1030 797 cetera
1064 743 1180 811 opimam

193 822 325 893 praedam
343 824 421 888 jore,
438 823 633 890 celebrataeque
655 837 714 891 opes
736 821 766 873 io
791 839 824 875 ea
846 819 956 893 regione
979 827 1104 883 eminere.
1135 828 1180 883 lta

89 936 94 969 1
197 905 302 958 codices
316 898 447 974 phirimir
468 905 518 959 ulii
533 914 654 961 ceteram.
690 898 1078 978 Snelrenburgiuadelendens
1092 920 1179 966 cetera

87 1004 93 1053 Ι
194 991 343 1059 prudenter
364 989 453 1044 tenuit
474 989 605 1044 adiectiri
629 988 782 1061 rationem,
808 999 953 1048 ursonem
971 1001 1062 1049 ossele
1085 1001 1180 1051 cetera

156 1117 157 1120 ,
195 1080 274 1127 eruut
300 1074 394 1142 opime
416 1074 530 1142 praeda.
564 1073 772 1130 Freinshemius
801 1079 923 1132 coniecit
940 1087 1070 1146 ostentm,
1087 1087 1115 1137 ot
1137 1082 1181 1135 in-

194 1156 319 1224 tellexit,
338 1158 508 1224 arridetur,
527 1158 699 1212 adverbium.
738 1161 867 1216 Budaeus
891 1170 978 1217 cetera
997 1165 1130 1234 explicuit
1150 1169 1180 1220 ia

191 1251 335 1314 postemm
370 1245 496 1299 Ceteram
513 1245 636 1315 placebit
657 1245 829 1305 attractionis
853 1247 1022 1316 fautoribus,
1039 1266 1102 1337 xnec
1121 1250 1183 1305 sno

85 1370 87 1377 .
195 1344 303 1384 caussa.

209 1488 242 1549 2.
272 1481 492 1568 Frequentior
518 1492 551 1547 et
576 1483 734 1571 proprius
760 1494 808 1549 est
838 1506 938 1567 usus,
955 1506 1040 1575 ‚qno
1064 1497 1179 1553 cetera

138 1567 258 1634 additur
270 1569 438 1636 adieetivis
463 1579 495 1634 et
511 1567 672 1634 adverbiis
690 1570 917 1637 conditionem
937 1593 1051 1653 rernm
1074 1572 1180 1661 signi·

121 1653 318 1736 ,incuban
344 1653 508 1737 «utalia,
543 1656 672 1740 omnia.
731 1658 804 1721 Vna
827 1657 991 1745 excipitur
1021 1658 1181 1739 conditio,

135 1741 259 1828 reliquis
284 1742 354 1808 sive
380 1739 449 1804 aliis
478 1742 631 1807 omnibus
655 1743 821 1830 opposita.
870 1747 979 1830 Atque
1000 1743 1035 1811 id
1057 1736 1179 1834 plurali

133 1825 235 1892 forma
246 1827 385 1916 proprie
399 1826 573 1913 designari,
583 1830 649 1892 iam
659 1829 800 1893 diximus
819 1852 852 1916 p.
862 1832 915 1895 34.
939 1830 1050 1910 Quare
1064 1841 1179 1894 cetera

133 1933 196 1978 nou
216 1914 375 2002 ponitur,
402 1930 439 1977 ut
457 1913 556 2000 vulgo
570 1925 706 2000 putant,
731 1927 970 2001 procerarum.
1014 1915 1079 1981 Sed
1091 1917 1180 1991 ¹sim-

132 1999 204 2087 plex
229 2001 431 2064 accusativus
452 1999 542 2064 idem
566 2000 724 2087 exprimit
741 2000 832 2087 quod
857 2000 906 2066 act
928 2011 1061 2067 cetera:
1087 2001 1179 2065 cuius

132 2097 298 2172 utriusque
313 2084 482 2150 formulae
502 2106 601 2150 usum
620 2108 660 2149 ex
687 2097 845 2165 osuerunt
863 2086 978 2153 multi:
1001 2086 1180 2151 Rhenanus

132 2171 168 2235 ad
190 2172 263 2236 Liv.
286 2178 324 2247 1,
350 2165 404 2237 32.
454 2170 645 2236 Veehnerus
662 2110 874 2236 blcllenolex.
895 2195 930 2260 p.
954 2176 1030 2237 800.
1072 2171 1099 2236 l.
1122 2171 1179 2236 Fr.

132 2259 279 2323 Gronov.
300 2256 341 2322 ad
359 2256 474 2320 Senes.
502 2256 638 2320 Consol.
662 2258 826 2322 adlidere.
850 2258 904 2324 25.
946 2257 1012 2322 Iac.
1030 2258 1181 2322 Gronov.

131 2343 170 2408 ad
190 2345 262 2409 Liv.
284 2344 426 2422 21‚·34‚
449 2345 481 2408 5.
525 2342 662 2407 Bentlei.
690 2342 731 2407 ad
754 2345 868 2408 Horat.
892 2344 998 2430 Epist.
1018 2347 1180 2424 1‚10‚3.
1204 2382 1207 2391 ·

135 2428 266 2494 (lortius
291 2429 332 2492 ad
351 2427 482 2492 Sallust.
505 2425 575 2516 lug.
595 2432 654 2508 19,
672 2432 703 2491 7.
725 2428 816 2492 etad
838 2429 923 2494 Plin.
946 2429 974 2492 E
1000 2428 1054 2496 ist.
1071 2433 1111 2509 2,
1129 2432 1180 2507 11,

132 2519 180 2580 10.
207 2515 252 2580 N.
267 2515 383 2579 Heius.
401 2512 442 2577 ad
458 2514 555 2577 Ovid.
566 2513 644 2578 Met.
659 2519 698 2595 9,
716 2521 767 2580 99.
786 2525 818 2577 et
834 2513 873 2577 ad
888 2451 1061 2579 claudian.
1074 2514 1179 2581 baud.

130 2602 201 2665 Stil.
229 2607 274 2684 2,
293 2606 348 2666 29.
390 2599 580 2663 Perizonius
609 2599 648 2665 ad
680 2598 802 2664 Sanctii
826 2598 909 2669 Min.
934 2607 956 2664 2
965 2601 1026 2681 ,5.
1047 2621 1082 2686 Ρ.
1106 2604 1184 2663 223.

130 2687 237 2751 Tom.
264 2692 295 2750 1.
343 2687 501 2750 Arntuen.
523 2684 565 2749 ad
584 2685 696 2749 Aurel.
721 2688 807 2751 Vict.
832 2685 924 2750 Caes.
941 2690 973 2751 9.
1026 2683 1184 2748 Draken-

127 2771 248 2838 borch.
280 2769 321 2836 ad
348 2771 565 2852 Li,v.er,r,
591 2771 642 2836 15.
666 2778 757 2852 etl,
783 2776 846 2846 32,
873 2777 904 2836 2.
955 2769 1182 2834 Rnddimann.
1255 2846 1257 2850 ,

131 2857 239 2923 Tom.
255 2863 290 2926 2.
310 2880 345 2945 Ρ.
364 2862 417 2922 62.
467 2854 649 2921 Ruhnken.
672 2854 714 2920 ad
737 2857 873 2921 Terent.
895 2856 981 2920 Eun.
1005 2861 1045 2934 2,
1067 2861 1107 2933 2,
1129 2860 1183 2918 22.

129 2943 348 3030 Oudendorp.
366 2942 407 3006 ad
420 2941 550 3029 Apulei.
570 2941 651 3006 Met.
668 2945 700 3006 8.
749 2940 846 3007 .584.
862 2947 915 3009 10.
934 2964 969 3027 p.
984 2941 1060 3003 704.
1098 2939 1182 3004 Vide
1232 2990 1238 3003 ..

127 3030 236 3098 Tam.
255 3035 285 3094 1.
307 3053 343 3116 Ρ.
360 3031 432 3092 107.
485 3026 644 3112 Gifanius
660 3029 694 3091 in
715 2965 888 3091 (bbservat.
913 3048 949 3112 p.
968 3030 1021 3089 31.
1047 3024 1127 3110 (58.)
1149 3033 1182 3088 et
1206 3078 1208 3085 .

128 3116 310 3203 Scioppius
331 3114 366 3178 in
393 3106 541 3201 Suspect'.
566 3113 656 3176 Leot.
680 3113 723 3194 5,
743 3118 795 3176 20.
826 3135 861 3199 Ρ.
880 3115 955 3175 286.
986 3109 1182 3174 observave-

128 3213 211 3268 runt
236 3201 435 3265 Ciceronem
460 3199 500 3266 ab
523 3196 584 3262 hac
608 3198 754 3263 dictione
777 3197 979 3262 abstinuisse.
1030 3195 1099 3261 Eos
1127 3219 1182 3260 se-

129 3288 228 3374 quuti
252 3295 331 3349 sunt
351 3285 471 3349 Parcus
492 3285 528 3348 in
550 3285 633 3351 Lex.
650 3285 730 3348 crit.
752 3306 787 3370 p.
809 3288 881 3355 193.
922 3282 1115 3367 Heusinger.
1141 3281 1183 3345 ad

126 3372 297 3437 Vechner.
319 3375 442 3459 Ρ.,801.
484 3369 630 3433 Vtuntur
643 3380 764 3434 'autem
783 3368 844 3433 hac
862 3389 943 3433 voce
960 3378 992 3432 et
1009 3377 1127 3454 poetae
1148 3376 1181 3430 et

126 3457 294 3524 historici.
341 3455 395 3520 Ex
420 3456 459 3519 iis
482 3455 662 3543 exemplis,
690 3476 773 3542 quae
796 3477 814 3518 e
835 3453 1004 3517 Ciceronis
1027 3451 1184 3538 operibus

128 3544 336 3618 afferuntur,
360 3541 491 3605 nullum
507 3550 574 3621 est,
596 3541 713 3628 inquo
730 3562 799 3605 non
815 3539 977 3626 discrepet
998 3540 1180 3624 scripturn:

155 3640 336 3716 numquam
350 3626 405 3707 id,
425 3625 515 3714 quod
539 3627 641 3691 critici
662 3626 913 3707 substituerunt,
931 3623 1099 3710 ceteroqui
1112 3645 1184 3686 non

129 3655 318 3782 brmiorem
339 3712 438 3777 habet
463 3713 701 3777 auctoritatem.
746 3712 873 3775 Omnes
893 3731 974 3774 vero
1007 3710 1184 3796 scriptores

132 3802 235 3883 boni,
268 3799 327 3887 qui
358 3808 540 3885 usurpant,
569 3797 759 3864 adverbium
790 3795 1008 3884 praemittunt
1026 3792 1181 3859 'nominis
1278 3816 1281 3823 ·

134 3889 192 3976 qui
210 3885 439 3976 postpositum
455 3884 630 3966 exhibent,
653 3881 759 3948 intimi
778 3892 856 3946 sunt
874 3881 1048 3971 temporis.

143 4080 146 4085 ι
239 4012 369 4067 Gilenius
382 4013 469 4077 haee,
486 4029 556 4081 quae
572 4012 677 4065 Parcus
699 4017 840 4078 tamqnam
861 4025 911 4077 saa
925 4009 1049 4080 profert:
1070 4007 1185 4077 „poeti-

205 4115 240 4156 ce
257 4104 298 4154 est
312 4098 423 4168 phrasis
437 4102 465 4153 et
478 4095 630 4161 historiam
647 4101 772 4153 oratores
788 4112 826 4151 eo
838 4112 893 4151 non
905 4099 1035 4162 mantnt,
1045 4093 1201 4187 'quamvls‘
