2618 4770
553 252 893 333 ΒΧ.Ι
1053 277 1115 341 sss

34 422 40 431 ⁴
148 424 181 489 5.
208 422 385 488 Recentior
398 421 541 487 latinitas
556 420 694 487 indulsit
710 419 787 486 huic
804 421 940 489 dictioni
954 427 1054 510 adeo,
1064 400 1112 493 ¹nt

64 529 134 572 non
149 519 279 573 tantum
295 509 432 573 nomina
445 507 587 571 modum
602 505 829 595 significantis,
850 509 907 572 sed
924 514 1113 596 qualecum-

63 616 128 680 que
146 594 343 659 adieotivum
358 615 436 658 cum
456 591 523 656 hac·
538 593 782 685 praepositione
798 610 1028 680 componeret.
1115 614 1123 633 ¹

137 714 142 721 '
168 713 304 768 Ammien.
319 712 362 779 16,
378 712 404 779 2,
420 712 447 766 5.
466 732 540 782 quem
554 715 579 765 si
594 714 724 769 crunam
737 712 883 783 idperator
896 716 959 767 clim
974 734 1008 768 ex
1020 719 1113 773 adulta

128 799 234 867 iamque
248 806 384 851 maturum
403 798 510 851 audiret
526 798 637 849 honesta
652 798 806 851 suadentem
822 806 847 851 et
867 807 954 864 reeta,
981 804 1057 855 nulla
1070 807 1113 855 cel

127 883 209 935 acaia
232 889 299 935 certe
320 883 408 951 dignu
426 889 565 949 peccasset.
586 881 606 933 i.
624 898 648 934 e.
677 881 725 951 qui
748 888 845 951 oseae
866 884 1052 940 adolescentia
1074 887 1111 940 ad

133 966 244 1019 virilem
260 970 435 1034 pervenerat.
470 965 527 1019 Sed
552 967 623 1019 conf.
638 984 666 1035 p.
680 964 741 1021 351.

163 1069 266 1123 Dicunt
282 1067 439 1120 Cornelium
452 1068 586 1137 Nepotem
608 1087 639 1122 ec
656 1071 776 1138 prosimu
798 1070 897 1125 dixisse
912 1089 964 1141 pro
977 1074 1109 1143 proxime,

128 1155 225 1222 Pelop-
235 1153 295 1218 2,1.
314 1153 343 1204 isi
352 1156 504 1220 omaesfere
518 1156 637 1206 Athenas
653 1173 680 1207 sc
694 1156 873 1220 coutulerunt,
893 1174 947 1209 aaa
959 1175 1110 1227 preseque-

128 1246 222 1293 reatur
236 1238 336 1300 otiam,
361 1238 407 1288 sed
428 1245 459 1289 ut
479 1256 602 1307 quemque
616 1254 647 1291 es
659 1240 779 1307 proximo
793 1242 878 1292 locam
888 1245 951 1306 fors
964 1241 1109 1306 attulisset,

129 1339 160 1376 ce
171 1322 291 1392 patriam
303 1338 457 1388 recuperare
470 1323 624 1376 reiterentur.
659 1324 695 1376 Ae
710 1340 790 1375 nemo
806 1324 980 1392 antiquorum
995 1324 1111 1392 scripto.-

129 1424 192 1461 1um
205 1405 246 1458 ita
256 1405 383 1471 loquutus
407 1411 456 1458 est.
492 1407 585 1473 Quare
607 1410 655 1459 ant
673 1408 813 1477 haecncn
830 1424 847 1461 a
863 1407 991 1460 Cornelio
1006 1408 1110 1481 scpiptu

129 1495 207 1555 sune,
233 1494 281 1542 aut
296 1507 330 1541 ex
342 1492 462 1558 proximo
477 1491 608 1544 cohaeret
624 1508 687 1544 cnm
704 1492 791 1545 terlio
801 1494 914 1561 ‚afferre

143 1596 175 1655 6.
204 1589 243 1654 In
263 1592 433 1657 nonnullis
461 1591 652 1676 nominibus
684 1593 830 1659 diversae
852 1592 1109 1681 significationes

59 1678 222 1743 diversam
245 1678 410 1743 rationem
438 1668 535 1741 nisius
559 1676 656 1742 huius
680 1680 938 1767 praepositionis
962 1680 1025 1745 sibi
1055 1705 1109 1747 ac-

58 1762 274 1827 commodant
287 1772 320 1826 et
339 1764 513 1830 notionem
529 1774 666 1828 mutant.
688 1764 746 1829 Ex
761 1765 931 1830 sententia
943 1776 991 1828 est
1003 1768 1107 1832 modo

61 1871 105 1914 ex
135 1848 316 1923 voluntate,
352 1850 419 1916 sive
446 1848 496 1914 uti
525 1846 593 1912 fert
624 1849 792 1931 voluntas,
824 1850 914 1913 nacla
941 1848 1108 1933 Wunsclr,

59 1933 166 1998 modo
197 1914 378 1998 secunduin
408 1932 618 2020 opinionem,
657 1935 724 2002 sive
756 1933 797 2000 dc
823 1935 984 2018 consilio,
1017 1938 1109 2025 quod

61 2018 195 2113 aliosde
211 2021 390 2085 sententia.
418 2018 473 2085 cf.
489 2040 525 2104 p.
540 2022 634 2081 628«

154 2141 253 2193 ‘Plaut
274 2140 360 2190 Mero.
382 2137 409 2202 2,
428 2136 455 2201 3,
470 2135 513 2189 36.
537 2144 629 2205 postea
645 2138 695 2189 dae
709 2146 783 2192 uerte
801 2157 854 2192 acu
870 2143 958 2209 quievi·
968 2143 1035 2197 sutria
1049 2162 1109 2199 mea

126 2241 161 2275 ex
178 2223 318 2274 sententia.
350 2220 422 2273 Meu.
432 2219 459 2285 2,
468 2219 494 2283 2,
503 2219 528 2273 1.
550 2222 612 2272 lene
626 2223 749 2275 cleonaei
763 2230 841 2291 utque
858 2242 891 2275 ex
907 2242 965 2277 mea
977 2230 1111 2282 ssatcauoe

127 2309 224 2358 bouum
238 2311 398 2372 anteponens
411 2304 558 2373 prandium
572 2306 753 2373 pransoribus.
789 2308 900 2360 Terent.
912 2308 1017 2375 Heni,
1028 2308 1055 2375 4,
1064 2310 1110 2365 32.

126 2406 253 2458 speroque
266 2389 336 2441 tuuc
359 2402 489 2441 seruasse
511 2395 662 2441 eventuram
683 2392 758 2444 uobis
780 2410 813 2445 ex
834 2393 970 2445 scatentia.
1000 2393 1058 2446 cic.
1076 2395 1111 2448 ad

127 2475 205 2526 Fam.
217 2472 260 2539 12,
276 2472 318 2537 19,
334 2471 360 2525 3.
377 2472 401 2525 si
416 2474 671 2527 inseniscentis
687 2478 805 2541 confecta
821 2484 911 2528 essent.
946 2475 1010 2529 Alia
1021 2478 1111 2531 Hadr.

128 2557 267 2613 Cardinal.
283 2558 317 2609 de
330 2556 420 2613 uoti·
430 2558 483 2615 lat.
497 2558 552 2628 loq.
570 2577 597 2627 p.
607 2556 667 2613 156.
677 2558 752 2629 (49).
772 2558 944 2614 westerhov.
954 2561 989 2615 ud
996 2563 1110 2614 Terent.

126 2643 229 2696 licant.
246 2641 272 2708 4,
287 2641 313 2709 3,
329 2639 355 2694 5.

161 2744 373 2814 Plant.0apt.2,
389 2744 415 2812 2,
430 2744 473 2801 96.
491 2764 538 2799 aas
554 2764 709 2816 quanquam
721 2749 911 2815 fideliorem-
918 2756 993 2818 potes
1007 2749 1112 2803 mittere

124 2832 163 2884 ud
178 2848 253 2895 eum,
270 2848 318 2883 uec
332 2831 477 2903 quincupla
492 2833 528 2884 sit
538 2850 625 2885 servos
639 2851 672 2885 ex
690 2833 828 2886 sententia.
845 2833 863 2885 i.
873 2838 897 2886 e'.
920 2833 947 2884 ei
961 2833 1111 2901 acceptior.

128 2915 187 2969 cte.
199 2916 234 2968 ad
244 2918 300 2969 ate.
313 2914 340 2981 5,
355 2915 397 2968 21.
425 2924 451 2969 te
464 2916 494 2968 ia
509 2916 623 2983 Epirum
636 2919 738 2970 salvum
753 2918 854 2971 uenisse
868 2925 902 2981 ct,
918 2924 948 2975 ut
962 2916 1062 2980 scribis,
1081 2935 1113 2969 ca

112 2992 256 3052 'scatentia
268 3001 413 3070 navigasse
424 2999 589 3053 veliementer
603 3001 719 3069 gaudeo.
752 3001 849 3071 Dictys
865 3002 938 3054 Cret.
950 3000 976 3067 1,
987 3000 1012 3053 4.
1027 3000 1113 3054 ventis
1161 3026 1164 3031 ·

128 3100 166 3136 ex
186 3085 314 3137 sententia
323 3085 463 3152 flantibus.

167 3183 223 3237 Cic.
240 3202 266 3252 p.
286 3188 392 3239 Clucut.
412 3183 528 3249 63‚177.
550 3202 581 3237 er
601 3186 716 3237 omnium
730 3188 861 3239 scatentia
882 3185 1051 3239 constitutum
1066 3193 1113 3251 est,

127 3271 194 3321 satis
215 3271 300 3322 videri
324 3288 377 3324 esse
403 3271 556 3340 quaesitum.
585 3268 618 3319 ad
642 3271 720 3322 Fam.
736 3269 779 3335 12,
801 3269 826 3335 4,
841 3270 867 3324 2.
893 3270 955 3323 [siv.
971 3267 1013 3336 49,
1029 3270 1072 3337 29,
1086 3270 1113 3325 5.

105 3392 108 3397 -
126 3350 169 3416 45,
189 3352 232 3417 29,
249 3353 275 3406 3.
298 3372 329 3406 se
345 3356 446 3407 consilii
461 3353 599 3406 scatentia.

161 3455 295 3507 Formnla
309 3463 369 3507 erat
380 3456 409 3508 in
425 3455 601 3508 iureiurando
620 3453 747 3506 solemnis
763 3471 794 3506 ec
808 3456 860 3509 mei
875 3457 958 3509 animi
972 3458 1113 3522 sententia,

129 3536 232 3605 deque
253 3539 309 3592 vid.
331 3540 404 3608 Lips.
420 3542 484 3593 Ver.
499 3543 575 3594 lieet.
595 3540 619 3603 1,
637 3540 662 3590 1.
684 3540 803 3591 Gronov.
821 3539 963 3595 observat.
979 3541 1006 3606 4,
1024 3540 1068 3593 14.
1086 3546 1115 3594 et

127 3620 162 3672 ud
186 3620 246 3675 Liv.
272 3622 313 3688 22,
331 3622 374 3688 53,
392 3624 434 3676 19.
473 3626 644 3678 Tauhmann.
673 3623 708 3675 ad
727 3624 933 3686 PlauttPscnd.
956 3625 1028 3690 1,ε3,
1053 3624 1114 3676 119.

125 3703 269 3774 Spalding.
289 3709 323 3760 ad
345 3708 475 3776 Quinctil.
492 3708 517 3773 6,
534 3710 560 3774 3,
578 3710 620 3762 32.
654 3707 748 3760 Beier.
774 3708 807 3760 ad
830 3709 887 3763 cte.
907 3711 942 3762 de
960 3709 1015 3762 Off.
1029 3708 1055 3772 3,
1070 3707 1115 3772 29,

125 3787 185 3925 1298.
206 3792 281 3844 etde
297 3792 391 3845 ordine
407 3793 556 3848 verborum
570 3795 598 3848 in
616 3810 650 3848 ca
666 3791 839 3849 Hensichsen
854 3795 888 3849 ad
909 3793 967 3846 Cic.
980 3786 1019 3843 'de
1037 3791 1114 3844 Orat.

148 3874 215 3943 ‚ca
233 3875 292 3931 rao.

142 3979 174 4039 7.
197 3977 254 4041 Ex
278 3981 436 4061 ratione,
467 3969 558 4066 quod
585 3990 632 4043 est
656 3979 694 4043 in
717 3976 907 4045 Rricksiclzt.
960 3975 1112 4040 Aliasad

59 4060 231 4128 rationem
257 4064 387 4133 dicitur.
433 4065 498 4133 Sed
524 4067 586 4134 alic
603 4086 735 4153 quoque
756 4067 895 4130 nomino
912 4064 958 4129 ita
974 4083 1120 4150 compo-

105 4156 146 4224 ΙΙ.
770 4167 812 4230 42
