2618 4770
204 280 268 351 stt
662 272 788 339 ECGE.
837 322 840 327 .

206 435 356 514 streties,
389 453 474 518 quae
500 448 725 518 magedena,
755 448 817 493 nec
840 430 1030 516 germanico
1057 431 1165 497 verbo
1195 444 1273 521 apte

204 520 300 592 reddi
324 528 445 607 potest.
494 516 582 582 Nam
612 537 683 579 non
716 513 839 579 sufficit
870 515 1067 580 vocabulum
1101 517 1174 582 da:
1212 519 1270 585 sed

205 607 347 676 nimium
377 615 447 686 est,
488 600 579 688 quod
608 599 753 666 reddunt
780 600 952 685 plurative.
994 603 1057 665 Par
1090 604 1187 669 siche
1221 604 1269 671 da

208 692 409 781 exprimitur
425 688 539 752 multis
558 688 593 752 in
609 686 691 752 locis
709 687 825 751 similis
842 686 977 772 quidem
991 689 1177 769 sententia,
1199 712 1267 757 uon

208 790 319 847 autem
337 773 548 841 vocabulum.
591 773 679 838 Nam
703 795 778 837 ecce
804 782 861 837 aut
885 772 1081 859 simpliciter
1101 787 1265 841 monstrat

206 874 281 932 rem
307 871 541 950 apparentem,
579 870 636 923 aut
650 858 878 924 attentionem
919 860 1041 925 excitat
1067 871 1100 925 et
1130 862 1168 927 in
1186 884 1262 929 -rem

208 944 481 1016 considerdadam
504 945 635 1030 dirigit,
673 954 730 1011 aut
750 966 824 1009 rem
847 944 994 1031 aliquam
1016 947 1133 1011 animo
1149 946 1261 1021 offert,

209 1058 295 1124 quae
326 1032 434 1103 subito
464 1053 501 1099 ac
528 1038 668 1118 repente
701 1031 910 1120 comparuit,
945 1040 1002 1097 aut
1032 1032 1259 1123 novum-quid

208 1133 243 1189 et
262 1118 485 1209 improvisum
505 1115 610 1183 effert.
1108 1156 1111 1163 -

314 1237 566 1293 Grammaticorum
587 1234 637 1289 atti
662 1237 805 1307 appellent
826 1234 1065 1304 interiectionem,
1090 1235 1153 1292 sive
1174 1242 1260 1293 natan

277 1323 378 1379 mentia
392 1325 428 1377 ob
440 1339 502 1377 rem
517 1321 637 1378 cubitem
653 1321 847 1388 exchmnntis,
872 1320 923 1375 atti
938 1322 1064 1375 referunt
1078 1320 1154 1376 inter
1167 1323 1262 1379 adver·

277 1409 329 1464 bia
346 1406 568 1461 demonstrative.
600 1406 657 1459 Sed
674 1424 758 1476 quum
774 1408 847 1460 haec
861 1407 962 1459 rocula
975 1422 1030 1458 non
1047 1405 1140 1475 ipram
1157 1406 1261 1478 quddam

276 1491 364 1549 animi
381 1491 556 1545 mentionem
578 1489 655 1557 eine,
681 1491 730 1559 qni
743 1490 881 1560 loquitar,
910 1490 1062 1558 exprimat,
1084 1492 1261 1549 seduliorem

277 1577 400 1632 animum
418 1575 541 1627 attondet
562 1580 591 1628 et
613 1574 721 1644 eiigat,
747 1574 924 1644 coniungitur
944 1592 1008 1627 carm
1023 1575 1087 1629 aliie
1100 1576 1258 1643 nominibus,

279 1668 310 1717 et
322 1658 438 1713 includit
452 1657 647 1729 notitiempon
665 1659 740 1714 omni
756 1677 791 1713 ex
806 1665 885 1728 perte
902 1650 1071 1729 expositum,
1102 1659 1217 1730 ideoque
1232 1662 1260 1715 in

278 1742 404 1812 elliptice
423 1747 562 1796 structure
582 1749 706 1812 praestat
726 1743 853 1798 adverbii
875 1742 975 1798 ricem.
1009 1746 1138 1799 Bauerns
1152 1744 1182 1813 in
1194 1745 1261 1802 arm

279 1828 315 1885 sd
329 1828 421 1883 Sanct.
445 1825 480 1880 T.
497 1824 524 1882 1.
548 1844 575 1896 p.
592 1827 653 1883 221.
675 1828 812 1898 affirmet,
837 1845 896 1884 eece
918 1826 1078 1905 significare
1100 1828 1256 1907 simpliciter

175 1968 178 1973 »
278 1913 348 1984 Videt
386 1978 388 1983 .
606 1954 610 1961 ·

293 2018 325 2079 1.
353 2014 504 2079 Primam
522 2016 623 2104 igitur
647 2015 922 2083 demonstrationi
944 2016 1103 2099 inservit,
1125 2038 1254 2105 remque

209 2102 609 2197 m⁰¹²‚⁸,i.r,9,ss,99¹1⁸pl⁰1¹ssm
625 2094 657 2169 et'
673 2092 1256 2185 distinetiu;·²“Qtt‘ttt“e'ndft‘0‘rma

209 2188 352 2253 utuntur
373 2180 999 2273 metueremus'‘uersatus'‘rebus,
1024 2199 1062 2251 ut
1084 2190 1254 2275 imaginem

209 2270 352 2338 reddant
366 2272 468 2359 magis
477 2273 631 2339 vividam.
665 2273 796 2337 Servius
814 2274 854 2338 ad
870 2273 986 2359 virgil.
1001 2276 1083 2339 Aen.
1093 2278 1187 2357 2‚57.
1202 2276 1253 2339 nita

211 2356 297 2422 haec
306 2357 486 2442 particule
506 2381 707 2445 properem
726 2371 865 2445 gestam
887 2370 969 2423 ante
990 2360 1107 2428 ectalos
1130 2358 1255 2425 lectoris

211 2443 355 2507 inducit.
400 2443 453 2505 Sic
470 2466 582 2515 eccum
605 2447 702 2507 etiam
728 2444 914 2515 absentibus
933 2444 1181 2511 accommodari
1201 2445 1255 2509 ob-

212 2536 321 2592 servat
337 2529 496 2593 Gruterus
515 2529 557 2593 ad
579 2529 683 2595 Plout.
707 2530 830 2617 Amph.
855 2529 944 2594 Prol.
974 2536 1047 2597 120.
1091 2530 1153 2597 Est
1177 2531 1256 2595 enim

214 2613 394 2699 designatio
428 2613 475 2685 rei
508 2614 604 2685 etiam
630 2613 762 2703 longius
792 2624 952 2681 remotae.
1002 2617 1123 2680 Poetae
1156 2627 1255 2681 autem

211 2720 309 2784 saepe
326 2697 483 2765 adhibent
496 2698 582 2763 hanc
599 2698 789 2778 dictionem,
809 2699 940 2788 quando
956 2698 1057 2767 alium
1075 2704 1255 2790 apparuisse

211 2794 369 2863 narrant,
406 2796 460 2847 aut
485 2785 582 2849 aliam
606 2792 784 2872 personam
811 2810 848 2851 rn
880 2808 1015 2850 scenam
1037 2789 1256 2857 introducunt

211 2867 292 2951 Quo
311 2867 440 2943 differat
458 2869 498 2934 ah
521 2894 579 2946 eu,
607 2870 682 2947 vide
702 2877 808 2949 11211,

315 2981 406 3033 Plaut.
420 2981 524 3035 Bacch.
541 2980 567 3046 4,
583 2981 610 3048 4,
625 2980 666 3035 16.
688 2999 762 3050 quem
776 2998 892 3049 quaero,
907 2980 1004 3049 optime
1019 2996 1076 3033 ecce
1089 2982 1203 3037 'obuiam
1216 2988 1255 3036 eet.

280 3063 301 3116 i.
316 3081 339 3119 e.
364 3065 411 3117 der
430 3065 528 3131 kemut
541 3067 594 3121 mir
616 3067 653 3122 du
674 3066 821 3130 crusmate
843 3072 984 3135 cutgegen.
1019 3065 1135 3120 Terent.
1153 3065 1255 3132 Enni,

280 3147 307 3213 4,
325 3145 367 3200 45.
387 3145 428 3223 (5.
441 3148 499 3215 25.)
517 3167 571 3213 cccc
587 3157 676 3207 autera
696 3151 771 3215 videa
792 3167 856 3203 rure
869 3151 1019 3211 redeuutem
1032 3168 1129 3205 seuera
1166 3151 1257 3222 ungit

281 3232 341 3283 Ecl.
351 3230 425 3295 titt.
446 3234 571 3301 Daphni,
590 3234 655 3303 quid
669 3236 791 3303 antiquos
806 3235 945 3303 signorum
959 3235 1068 3302 suspicis
1083 3236 1182 3289 ortus?
1200 3238 1259 3288 Ecce

281 3316 388 3376 dionaei
400 3318 525 3384 prooessit
544 3310 667 3386 Caesaris
681 3326 789 3370 astrum.
824 3318 893 3372 Stat.
904 3318 972 3372 silv.
981 3318 1008 3383 2,
1017 3318 1043 3384 1,
1059 3319 1086 3372 3.
1104 3322 1200 3388 procul
1212 3336 1260 3374 eme

281 3416 378 3465 cauom
393 3402 546 3471 demigrant
560 3402 686 3464 Helicone
699 3404 772 3469 deae.

317 3482 416 3551 virgil.
439 3486 506 3538 Aen.
527 3485 553 3551 2,
574 3485 633 3540 403.
667 3504 722 3540 cccc
743 3489 901 3540 trahebatur
920 3489 1007 3556 passis
1030 3489 1166 3557 prismeio
1189 3491 1260 3560 virga

181 3615 183 3619 ,
283 3565 399 3619 crinibus
413 3589 431 3620 a
448 3572 543 3640 templa
560 3572 722 3637 Cassandra.
737 3571 764 3637 6,
779 3571 839 3626 337.
864 3591 919 3627 ecce
941 3575 1109 3643 guberuator
1122 3591 1179 3632 sese
1192 3573 1259 3628 Pate

282 3668 365 3720 auras
380 3655 487 3723 agebat.

319 3736 398 3803 Ouid,
420 3736 487 3792 Met.
508 3738 536 3805 2,
556 3736 618 3795 441.
644 3754 701 3793 ecoe
725 3757 772 3792 sua
801 3741 929 3793 comitata
951 3741 1029 3801 charo
1057 3742 1196 3812 Dictynna
1218 3754 1259 3811 pet

283 3822 367 3872 attam
381 3822 526 3875 ttacaalau
547 3822 702 3894 ingrediens
711 3852 745 3879 u.-
755 3825 870 3896 udspiait
883 3827 960 3880 hauc.
995 3825 1045 3881 ubi
1060 3843 1115 3881 non
1130 3823 1257 3883 describi-

282 3911 326 3976 tur
343 3906 488 3975 repentinus
503 3922 557 3975 ree,

296 4013 328 4082 2,
357 4006 483 4075 Eadem
506 4010 554 4073 vis
574 4009 620 4072 ibi
644 4023 798 4098 apparet,
833 4013 890 4076 ubi
913 4012 949 4075 ia
970 4012 1080 4078 media
1103 4011 1257 4080 sententia

214 4093 437 4181 interponitur
458 4093 538 4160 haec
562 4095 721 4181 particula
728 4146 739 4182 ,
770 4120 855 4186 quae
881 4119 955 4163 rem
978 4109 1156 4167 monstrat.
1209 4095 1256 4171 Cf·
