2618 4770
570 261 640 329 DE.
956 306 963 329 a
1064 268 1129 337 205

153 422 249 489 Naabt.
266 418 386 487 nonium
410 418 544 475 exhausto
560 420 650 473 noctu.
685 417 743 473 (iic.
770 417 805 475 ab
828 418 883 473 stt.
899 414 931 485 4,
951 415 976 473 t.
1000 420 1030 474 ia
1051 423 1132 477 comi-

154 508 219 563 tium
233 508 301 560 Milo
314 508 347 559 cle
357 513 431 559 aucte
445 505 525 567 veuit.
541 502 617 557 idom
632 508 673 557 cst
688 503 759 575 quoi
772 504 867 574 paullo
884 510 947 558 anto
963 515 1046 561 ocrtc.
1063 508 1089 572 8,
1105 507 1131 561 6.

153 593 295 662 obsignata
316 591 373 643 iam
394 589 521 657 epistola,
546 607 626 658 quam
648 591 680 642 clc
704 599 778 645 noete
804 566 917 643 &meos
944 608 1032 656 eram,
1066 594 1134 645 sicut

153 676 306 749 lesbiorum
328 668 388 727 com
409 675 512 743 uesperi
531 674 703 744 scripseram)
726 677 754 728 C.
779 675 868 728 Sosius
887 681 999 745 praetem
1017 677 1047 727 in
1066 677 1132 729 For-

150 760 268 813 mianum
289 758 370 813 uenit.
408 758 506 817 Horat.
530 758 616 827 Epist.
636 759 669 824 1,
685 759 717 825 2,
731 759 773 812 32.
805 767 836 813 ut
859 760 982 829 iugulent
1005 760 1132 831 bomiaes,
1190 768 1194 777 '

136 830 267 916 ¹surgunt
291 846 324 898 rie
347 850 422 897 nocte
441 845 566 897 latrones.
597 845 667 913 quod
690 845 821 896 reddunt:
846 845 900 911 ties
918 847 947 897 ia
966 847 1014 899 cler
1035 846 1133 903 Nacbt.

152 930 212 983 Hoc
227 930 344 983 nimium
360 935 418 983 cst:
437 930 553 995 sufficit,
579 938 712 982 nocturno
734 934 865 996 tompore.
897 930 1021 985 Frontin.
1048 932 1140 987 Strui.-

151 1013 183 1079 4,
198 1015 233 1080 3,
249 1016 275 1069 'l.
310 1006 454 1067 llaauibal
469 1032 579 1083 surgere
587 1018 627 1081 „cle
644 1023 718 1067 aucte
739 1014 846 1079 solitus,
866 1020 929 1067 calc
951 1024 1055 1069 comem
1076 1037 1131 1071 acu

152 1103 335 1171 requiescebat.
353 1099 372 1154 i.
391 1116 414 1151 a.
436 1099 597 1152 antediem.
632 1100 758 1166 Ineptum
773 1103 866 1151 meets
886 1100 979 1153 statim
1000 1116 1019 1154 a
1040 1102 1133 1156 inedia

153 1193 240 1240 nocto.
265 1186 324 1255 Cic.
342 1203 368 1255 p.
384 1185 457 1237 Mur.
471 1183 514 1247 66,
530 1183 573 1238 bo.
591 1202 673 1254 prope
687 1187 720 1238 ‹lc
734 1192 808 1237 aucte
821 1185 1062 1253 opponiturhcruc
1077 1193 1134 1241 ter·

154 1269 216 1324 uss.
235 1269 286 1336 19,
301 1268 345 1322 22.
362 1271 464 1339 vigilas
478 1277 507 1322 tu
526 1271 559 1323 eie
580 1277 670 1334 aucte,
691 1277 722 1322 ut
735 1270 789 1322 tuln
811 1271 1001 1323 concubitoribus
1024 1288 1132 1340 respou-

142 1356 225 1408 'deaa
251 1354 270 1407 i.
287 1371 312 1407 c.
333 1353 473 1405 nocturnis
487 1354 602 1425 vigiliis.
620 1354 668 1406 red
683 1354 718 1407 ab
731 1355 766 1421 Q.
788 1355 852 1407 irat.
864 1355 897 1420 2,
914 1354 957 1409 15.
974 1357 1075 1420 euenit,
1094 1363 1132 1422 ut,

154 1440 284 1504 riserius,
303 1457 383 1507 quam
401 1440 557 1505 cclucmat,
569 1442 646 1506 sorte
664 1440 841 1504 surrexerint,
858 1441 1030 1509 properando
1052 1442 1132 1493 stiam

157 1525 239 1589 eitius,
256 1541 336 1593 quam
350 1525 375 1576 si
390 1525 423 1577 sle
439 1526 525 1578 multa
535 1533 609 1577 uncte
622 1526 788 1595 vigilassent,
797 1527 965 1595 perueniant,
978 1542 1029 1595 cuc
1042 1527 1132 1579 uelint.

155 1606 173 1663 i.
186 1626 212 1663 o.
227 1611 344 1663 multum
357 1618 475 1663 noctem.
507 1609 623 1663 Sueten.
634 1610 715 1680 vesp.
727 1610 785 1667 21.-

193 1713 372 1768 Plautum.
388 1713 422 1778 4,
438 1712 529 1778 2,16.
549 1720 580 1766 ut
600 1715 632 1767 cle
654 1720 729 1766 anate
751 1715 835 1768 multa
855 1714 1020 1785 impigreque
1042 1732 1132 1771 casur-

154 1798 213 1852 rcri.
251 1799 330 1853 Gneo.
356 1801 390 1853 B.
414 1799 481 1868 gall.
502 1797 535 1863 i,
552 1796 594 1851 45.
621 1799 720 1852 Cacsar
740 1801 824 1852 mittit
848 1802 992 1868 complaces
1017 1805 1132 1871 equitum
1164 1784 1170 1793 ⁸

154 1886 252 1936 uernae
265 1902 295 1937 eo
313 1886 447 1942 demerita
462 1892 545 1936 aucte.
563 1883 589 1949 1,
603 1870 646 1937 86.
677 1884 788 1938 Suebon.
804 1886 864 1938 cat.
880 1885 923 1939 26.
957 1886 1063 1941 Ciani
1074 1889 1130 1943 att.

150 1963 180 2031 i,
191 1966 217 2021 4.
236 1970 323 2022 multa
337 1970 369 2022 de
383 1978 457 2023 aucte
470 1972 619 2039 profectum
636 1986 689 2022 esss
704 1971 741 2023 ab
758 1971 906 2041 Caesarem.
923 1970 942 2024 i.
960 1988 984 2025 e.
1001 1972 1049 2026 diu
1067 1979 1131 2027 unte

155 2051 252 2106 lucem.
281 2056 317 2107 ab
332 2057 366 2122 Q.
384 2055 449 2109 irat.
464 2053 498 2118 2,
517 2052 543 2107 9.
571 2071 599 2122 p.
615 2053 691 2106 Sext.
704 2052 755 2119 35,
769 2053 812 2107 75.
832 2072 911 2124 quum
924 2059 1032 2122 sarum,
1050 2059 1130 2111 eami-

152 2138 230 2203 tirm,
251 2141 371 2205 curiam,
389 2140 475 2192 multa
490 2139 522 2191 sle
535 2146 610 2190 aucte
625 2140 737 2191 armatis
753 2141 902 2192 bominibus
921 2158 953 2192 ae
967 2143 1050 2194 seruis
1067 2162 1129 2211 mco-

153 2240 197 2292 μ
209 2226 406 2293 ocasepaaissecl
419 2229 471 2276 etc.
493 2220 565 2291 quob
580 2224 674 2290 paullo
691 2228 770 2275 ante:
787 2225 913 2292 templum
924 2227 1062 2294 aliquante
1080 2247 1131 2281 au-

155 2308 269 2362 teluccm
283 2310 427 2379 occupauit.
457 2309 495 2360 Et
511 2304 635 2360 doPotit.
652 2308 754 2361 consul.
770 2306 813 2359 13.
833 2308 925 2360 lomus
934 2316 965 2361 ut
980 2312 1067 2364 multu
1080 2331 1130 2365 aa·

160 2400 193 2447 rte
211 2395 383 2463 compleatur.
428 2393 507 2461 Quas
530 2392 622 2445 omnia
640 2391 783 2446 Bentleiue
806 2388 831 2443 si
850 2398 1017 2461 reputasset,
1043 2396 1129 2451 obsti-

159 2477 256 2533 uuest
270 2479 305 2531 ab
325 2479 507 2549 inopportuna
524 2476 694 2532 correctione
711 2476 739 2529 in
754 2478 853 2529 Horat.
869 2477 956 2549 Epist.
970 2480 987 2532 1
1001 2519 1010 2546 ,
1026 2479 1069 2547 16,
1084 2480 1127 2537 tl.

158 2570 337 2634 usurpatores
355 2564 438 2616 bibuli
456 2565 546 2617 media
566 2565 599 2619 ele
619 2570 693 2618 nocte
708 2562 815 2630 falerni
837 2568 916 2630 sunt,
935 2564 983 2634 qui
997 2582 1049 2635 per
1069 2583 1128 2619 mc

157 2646 214 2703 tiss
228 2646 318 2702 noctis
333 2653 440 2717 tempus
454 2649 560 2703 bibunt.

185 2761 321 2833 Formulo
346 2762 378 2813 de
404 2760 447 2813 die
472 2761 556 2831 vulgo
583 2759 737 2831 explicatur
761 2776 781 2812 a
808 2759 896 2812 media
913 2760 977 2813 'dics
1009 2778 1065 2836 (lun¹
1084 2764 1127 2817 iu-

159 2850 197 2900 cto
213 2845 299 2899 otium
317 2863 384 2914 opus
402 2854 451 2911 est,
473 2854 503 2900 ut
523 2849 592 2902 ‹liem
610 2864 660 2916 pro
679 2844 771 2898 media
786 2844 830 2897 dic
853 2843 908 2896 dici
931 2850 1058 2900 statuunt.
1091 2848 1128 2902 At

159 2932 187 2985 ic
207 2932 251 2985 tiis
272 2929 346 2983 nihil
361 2937 402 2984 est
423 2930 476 2985 nisi
499 2931 560 2996 dio,
585 2932 696 2984 lucente
717 2929 779 2982 die:
805 2928 849 2981 cm
873 2929 962 2998 Tage,
983 2948 1027 2982 cm
1043 2932 1130 2986 bellem

159 3018 246 3089 Tage.-
265 3033 320 3069 non
332 3033 364 3067 eo
379 3022 509 3084 tempore,
527 3013 716 3084 quoconviviu
732 3019 760 3065 et
773 3011 928 3081 potationes
944 3016 1129 3083 npubitoma-

146 3116 198 3167 nos
214 3099 342 3167 antiquos
357 3101 545 3164 habebantur,
564 3099 711 3167 quoderat
734 3103 803 3150 testo
820 3096 950 3150 Martiale
964 3097 997 3165 4,
1015 3099 1041 3154 i.
1066 3106 1128 3169 post

157 3200 252 3239 nonam
264 3186 382 3240 horum:
398 3187 469 3238 unde
487 3185 622 3239 formulae
636 3185 669 3237 rie
684 3184 726 3236 die
742 3189 851 3252 potare,
873 3183 1020 3251 concinium
1039 3186 1129 3238 dedic

158 3288 299 3342 murare.
333 3270 423 3323 Pluut.
438 3270 515 3324 Asin.
531 3268 564 3334 4,
579 3267 670 3334 2,16.
689 3284 772 3320 uuam
785 3267 823 3319 utl
839 3268 951 3320 amicam
966 3268 999 3321 sle
1015 3270 1060 3322 elie
1078 3288 1128 3338 pa-

147 3362 220 3417 tera.
263 3355 377 3408 Terent.
397 3356 448 3408 Ab.
469 3353 504 3421 5,
526 3352 558 3419 o,
581 3353 606 3407 8.
634 3361 747 3407 scortum
767 3353 912 3416 adducere,
938 3370 1074 3422 apparare
1096 3357 1128 3408 cle

141 3432 194 3495 tu
208 3441 365 3494 conuicium.
401 3441 500 3493 estun.
514 3438 567 3505 45,
582 3438 608 3493 5.
628 3457 674 3491 uos
690 3436 810 3491 conuiuia
833 3435 910 3488 tauta
929 3445 1079 3507 sumptuose
1096 3441 1129 3492 sle

145 3525 309 3591 -dirsaeitis
342 3525 441 3578 Horat.
455 3523 542 3592 Epist.
556 3523 588 3588 1,
602 3522 652 3588 14,
667 3520 710 3574 64.
726 3536 802 3591 quma
815 3519 865 3571 reis
883 3545 918 3558 ·-
938 3521 1055 3574 bibulum
1074 3540 1130 3577 mc-

156 3610 200 3663 diu
215 3611 249 3662 cle
263 3609 321 3661 luce
329 3611 442 3675 falerni.
460 3610 508 3661 ubi
522 3625 576 3661 non
589 3607 668 3661 licuit
681 3607 829 3659 verborum
845 3601 952 3657 ratione
967 3622 1072 3674 graecu
1088 3607 1129 3658 io-

140 3693 248 3761 -quntio
264 3694 420 3762 comparari
435 3688 484 3762 ἀφ’
499 3688 605 3763 ἡμέρας
618 3693 719 3748 πίνειν.
752 3693 831 3744 Haec
846 3687 935 3753 cuim,
952 3698 983 3741 ut
998 3691 1072 3743 bene
1085 3692 1129 3744 in-

156 3778 260 3831 tellexit
273 3779 361 3847 Toup.
379 3778 413 3831 ad
428 3778 542 3833 Suidam
556 3778 589 3830 T.
605 3777 652 3833 ΞΗ.
673 3794 700 3846 p.
710 3774 769 3829 495.
787 3775 862 3846 luipo.
875 3773 1011 3841 significat
1029 3790 1048 3828 u
1065 3792 1130 3830 ma-

155 3878 187 3915 ne
200 3861 306 3931 poculis
321 3861 476 3932 indulgere.
511 3863 589 3917 (loni.
605 3860 757 3915 Salmasius
776 3860 811 3912 od
834 3857 944 3927 vopisci
964 3859 1088 3913 Florian.
1103 3860 1131 3915 6.

154 3944 324 4002 Wcsterhov.
340 3950 376 4001 ab
393 3950 505 4001 Terent.
515 3948 571 4009 loc.
593 3947 666 4017 Lips.
681 3946 710 3999 in
723 3946 837 3999 Excute.
853 3943 890 3996 ab
902 3941 991 3996 Tacit.
1005 3943 1074 3995 Anu.
1083 3941 1128 4007 14,

156 4030 181 4095 1.
206 4033 297 4086 Valeo.
313 4032 348 4086 ui
368 4032 460 4099 Plane.
482 4031 556 4086 Asin.
572 4031 605 4098 4,
619 4033 653 4098 2,
668 4029 710 4085 16.
739 4030 840 4101 Cellas.
860 4026 895 4080 ui
910 4028 985 4081 curt.
1003 4026 1037 4091 5,
1051 4027 1084 4091 i,
1102 4027 1128 4077 2.

158 4114 266 4177 Surum
285 4118 366 4173 Dum.
381 4115 426 4173 21.
442 4117 556 4211 lauabat
577 4116 674 4199 siclis
690 4114 891 4203 cruciabatque
912 4113 949 4185 cti
969 4115 1130 4169 sutietatem
