2618 4770
19 212 247 325 ·.4i
558 222 561 227 ’
679 188 779 313 cai.

206 403 299 499 quis,
327 424 389 470 nec
423 400 511 491 apud
540 407 691 468 oratores
712 407 755 468 et·
769 394 958 469 historicos.
1008 405 1061 472 Ex
1091 407 1264 474 veteribus

204 493 376 590 usurpavit
390 490 528 568 Ennius,
545 499 621 576 post
634 505 713 553 eum
720 488 892 553 Lucretius
910 502 943 556 et
955 485 1115 575 Catullus,
1133 505 1165 559 et
1180 505 1267 582 post

206 579 384 664 Virgilium
400 586 433 638 et
447 577 625 640 Horatium
647 590 765 638 omnes
789 566 860 639 lere
884 587 1015 661 poetae·
1046 578 1152 643 lutet·
1177 602 1265 666 pro·

207 687 263 730 sae
279 661 438 727 orationis
454 670 606 725 auctores
626 661 740 750 paucis
761 659 796 723 in
814 660 895 751 locis
916 663 1137 731 adhibuerunt
1153 663 1266 730 Sene-

207 774 245 815 ca
265 760 298 814 et
320 748 516 824 Suetonius,
540 745 806 831 frequentissime
830 747 952 812 Plinius
978 750 1013 814 in
1037 749 1175 814 historia
1198 775 1268 816 na-

204 835 317 987 tfnpali.
361 832 534 922 Exempla,
558 855 644 920 quae
666 854 708 896 ex
724 831 821 897 Celso
843 845 879 899 et
895 856 935 900 ex
951 828 1044 900 Livio
1066 835 1267 922 afferuntur,

183 978 184 981 ,
227 945 293 987 asa
308 924 396 983 sunt.

310 1031 391 1109 hpud
408 1032 519 1090 Celsum
537 1035 586 1091 lih.
600 1036 626 1089 1.
636 1031 733 1108 prael.
751 1055 778 1108 p.
795 1037 822 1093 5,
838 1039 911 1094 Alma
924 1029 955 1093 in
971 1032 1064 1094 v'crhis
1081 1059 1125 1094 cera
1140 1043 1196 1096 sine
1211 1061 1264 1111 qno

278 1141 353 1179 nemo
370 1124 524 1191 mortalium
545 1123 657 1191 reperiri
674 1126 772 1197 possit,
793 1117 901 1178 codices
922 1118 1051 1178 omittunt
1073 1143 1127 1178 cea.
1161 1127 1192 1178 In
1213 1127 1264 1178 lii-

276 1210 323 1263 vio
339 1209 390 1274 21,
407 1207 458 1274 46,
479 1208 521 1261 10.
540 1201 706 1261 emendando
723 1218 803 1262 nemo
825 1210 968 1262 Gebhardi
987 1204 1117 1262 fiduciam
1136 1204 1264 1263 imitatus

276 1299 333 1347 cst:
350 1287 399 1345 ille
423 1293 457 1345 de
474 1294 533 1346 eod.
555 1287 639 1362 palat.
663 1292 863 1365 restituendum
887 1294 1010 1347 censuit‘c
1033 1294 1103 1363 quod
1125 1303 1150 1346 ct
1169 1298 1264 1362 plnres

165 1446 168 1457 μ
183 1368 186 1372 “
276 1380 414 1431 tradidere
431 1386 564 1444 auctores,
582 1395 629 1430 ceu
636 1380 719 1445 fama
729 1377 853 1433 annuant.
872 1380 920 1432 uhi
934 1385 1011 1436 recte
1025 1369 1128 1449 legitur
1142 1383 1263 1446 etfama

277 1462 398 1516 obtinuit.

22 904 29 936 t

295 1598 325 1662 1.
354 1586 537 1682 Triplicem
558 1611 658 1662 usum
682 1587 911 1695 distinguimus
936 1587 972 1660 ln
996 1589 1062 1661 hoc
1084 1591 1262 1680 vocabulo.

208 1684 362 1753 Primum
385 1693 599 1767 comparatur
623 1705 675 1746 res
699 1681 836 1761 similis,
859 1703 943 1769 quae
966 1692 1021 1745 aut
1041 1682 1190 1747 eiusdem
1215 1696 1264 1749 est

209 1768 354 1859 generis,
379 1778 436 1830 aut
459 1767 558 1831 habet
579 1789 646 1854 quo
672 1767 855 1832 conveniat.
907 1767 967 1832 Est
989 1767 1089 1854 igitur
1111 1763 1144 1832 id
1169 1769 1263 1855 quod

232 1851 516 1932 'remediandum
543 1864 592 1917 nti
638 1855 712 1933 Qua
733 1851 879 1916 dictione
903 1844 989 1940 ¹apud
1010 1853 1153 1918 Plinium
1176 1855 1263 1920 nihil

208 1878 433 2028 iiequentius:
460 1954 661 2025 quamquam
678 1949 788 2023 erant,¹
805 1939 863 2024 qui
875 1953 935 2002 ceu
948 1931 1069 2024 ubique
1088 1959 1149 2026 per
1165 1951 1261 2004 tam-

180 2022 185 2029 ’
232 2045 314 2090 raam
338 2020 572 2110 explicandum
599 2045 668 2089 esse
698 2023 934 2088 existimarent.
977 2023 1086 2088 Etiam
1107 2027 1262 2090 Draken-

199 2050 367 2179 ¹horchius
384 2108 426 2177 ad
441 2108 511 2173 Liv.
529 2109 589 2184 21,
608 2112 669 2190 46,
689 2114 740 2174 10.
761 2106 922 2173 desiderat
939 2109 1109 2197 exempla,
1131 2111 1164 2175 in
1184 2114 1272 2209 qui-.

208 2197 272 2273 has
286 2214 346 2261 ceu
364 2212 428 2282 pro
455 2192 742 2282 quemadmodum
763 2197 910 2283 positum
938 2197 997 2275 sit,
1020 2196 1120 2282 idque
1144 2195 1261 2260 vinum

208 2279 425 2370 reprehendit
445 2273 700 2369 inscriptorum
716 2292 850 2344 nostrae
878 2281 990 2357 aetatis
1012 2295 1091 2344 usu:
1115 2293 1148 2346 et
1174 2294 1260 2346 recte

236 2367 347 2434 uidem
366 2376 497 2455 praeter
514 2366 768 2452 comparationis
784 2367 948 2450 rationem
963 2362 1120 2431 similium
1137 2389 1262 2432 rerum.

124 2525 133 2535 ,
208 2389 375 2520 illiserunt
389 2454 503 2538 tamen
516 2452 641 2519 Plinius
657 2455 691 2517 et
702 2450 879 2517 Suetonius
896 2443 978 2518 adeo
994 2446 1035 2518 de
1050 2452 1166 2536 rebus,'
1179 2475 1263 2540 quae

210 2538 284 2606 fieri
297 2537 453 2604 solerent.
505 2613 508 2617 ¹
911 2601 914 2607 ,
961 2574 965 2584 =
1059 2610 1062 2617 ¹

315 2650 416 2728 virgil.
440 2649 562 2730 henli,
583 2647 644 2712 190.
676 2657 708 2710 'ut
732 2648 949 2737 uidercjnirrtm,
968 2649 1159 2728 fulgentiaque
1184 2679 1263 2713 arma

277 2758 328 2816 per
348 2745 472 2808 umbras,
498 2744 603 2814 ingenti
619 2745 756 2811 trepidare
774 2751 860 2795 metus
875 2760 942 2812 pora
959 2751 1060 2797 vertare
1081 2752 1180 2813 terga,
1208 2752 1262 2798 'cen

277 2829 411 2900 quondam
425 2829 522 2896 petiere
541 2828 618 2880 ratis.
652 2820 726 2879 Plin.
746 2819 819 2879 Hist.
835 2826 862 2880 η’.
875 2827 926 2892 dl,
943 2827 975 2893 9,
993 2827 1036 2880 48.
1053 2827 1125 2881 initas
1141 2848 1158 2880 a
1173 2838 1262 2882 centro

276 2933 324 2967 ceu
334 2902 418 2967 'uella
441 2906 518 2965 lucet·
528 2909 640 2982 fulgore
663 2904 743 2964 lunae
757 2913 863 2979 plenae.
879 2910 914 2977 9,
929 2910 963 2977 6,
979 2911 1004 2964 7.
1021 2921 1179 2983 argumento
1201 2917 1263 2967 αηὶ-

277 2990 408 3062 mattea»,
427 3010 494 3065 qnae
516 3008 618 3065 ternper
635 2998 740 3062 defossa
754 2997 862 3062 vivunt,
887 3008 934 3049 cert
948 2999 1047 3066 talpae.
1065 2993 1116 3061 11,
1131 2997 1182 3063 48,
1200 2998 1260 3052 108.

282 3079 439 3136 insectorum
456 3080 537 3148 ptdea
556 3075 640 3150 prinei
662 3081 811 3151 lapgiotcs,
830 3083 911 3140 duros
932 3076 1090 3134 habentibus
1110 3084 1213 3147 oculos,
1232 3089 1263 3135 ut

275 3162 386 3220 tubinde
399 3164 510 3235 peditat
524 3177 566 3216 eoa
583 3172 721 3235 tergeant,
739 3178 785 3216 ocu
805 3173 928 3218 notamus
942 3159 971 3216 ira
982 3167 1084 3218 mucia
1102 3166 1133 3230 9,
1151 3162 1202 3232 di,
1217 3166 1262 3220 61.

278 3248 392 3304 sueton.
416 3248 497 3313 Vitel.
519 3249 562 3301 11.
580 3252 687 3302 reducto
708 3266 782 3302 coma
801 3240 901 3318 capite,
918 3267 964 3301 ceu
985 3250 1057 3302 aonii
1079 3245 1170 3303 soleat.
1188 3251 1261 3306 Plin.

275 3334 350 3389 nist.
368 3352 395 3387 11.
409 3333 459 3401 19,
474 3334 525 3401 12,
543 3332 585 3388 62.
605 3340 635 3388 ut
649 3335 820 3405 intelligatur
832 3352 920 3400 oenc,
940 3345 985 3388 cen
1001 3330 1171 3404 plerumque,
1190 3340 1262 3392 vitoe

278 3413 425 3490 paenuria.

124 3646 127 3655 Ι
294 3567 326 3635 2.
351 3561 442 3634 Turn
457 3561 614 3657 peculiari
629 3563 732 3635 modo
755 3565 890 3636 inservit
913 3563 1154 3658 comparationi
1174 3590 1260 3656 poe-

165 3696 183 3727 ·‚
209 3650 305 3731 ticae,
328 3676 387 3721 eeu
403 3655 657 3744 metaphoricae,
679 3659 713 3719 in
732 3677 795 3743 qua
811 3657 964 3720 homines
982 3668 1080 3722 atres
1098 3678 1173 3719 cum
1190 3655 1260 3720 aliis

209 3737 309 3806 rebus
332 3742 533 3807 absimilem
558 3739 706 3805 sormam
729 3753 988 3828 componuntur.
1030 3743 1068 3806 In
1092 3735 1154 3804 hac
1178 3741 1260 3805 assi-

180 3906 183 3911 ·
210 3824 383 3892 milatione
410 3837 465 3890 aut
485 3824 630 3913 simplex
662 3836 710 3889 est
731 3848 844 3891 rerum
869 3827 1000 3893 collatio
1024 3849 1084 3916 per
1106 3845 1189 3908 ceu,
1223 3837 1261 3889 ut

209 3910 459 4000 tenuiajngit,
481 3927 540 3977 cen
554 3907 692 3999 fiemus,
725 3907 762 3975 in
787 3932 894 3978 aurae
921 3918 1011 4000 Virg.
1028 3913 1108 3982 hen.
1127 3915 1166 3992 5,
1182 3913 1258 3975 740.

210 4007 267 4065 aut
298 3998 472 4084 descriptio
508 3995 556 4061 rei
587 3996 762 4082 aliquando
796 3999 948 4065 similiter
977 3999 1166 4085 apparentia
1196 4020 1259 4060 ex-

208 4078 368 4170 primitur
397 4100 461 4171 pcr
496 4077 679 4149 formulam
707 4104 767 4151 cen
790 4103 902 4177 pnnm.
952 4084 1109 4172 Sequitur
1124 4081 1259 4149 'indica-
