2618 4770
111 29 126 145 a

482 252 622 327 elaea.
667 242 882 323 emerus
1149 271 1191 334 aa

109 354 124 529 ἰ·
213 409 340 467 omnent
355 408 424 463 libri
439 408 551 483 scripti:
566 411 697 479 turbaque
712 409 783 465 circa
800 413 911 479 censura
929 419 1024 467 sonate
1041 431 1106 471 nam
1119 418 1188 472 dici-

109 531 119 567 t

214 505 252 553 lar
271 496 354 551 turba
381 497 461 554 circa,
496 495 556 548 vid.
581 497 703 549 Gronov.
726 496 762 549 ad
783 495 844 549 niv.
865 495 916 561 21,
930 494 981 563 49,
995 496 1021 550 7.
1050 507 1081 553 ut
1097 502 1185 558 Tacit.

109 570 120 653 ,’
213 580 335 649 mall,
352 578 398 633 31.
414 586 547 653 strepente
561 580 656 640 cirum
670 582 780 653 procaci
797 582 883 643 ebora,
1101 606 1104 611 ·

109 726 119 747 '¹
227 732 306 801 Tum
317 732 534 821 componitur
547 734 750 831 praepositio
765 734 965 818 cumverbo,
979 756 1114 825 unoque
1130 760 1186 803 ac-

166 827 237 883 centu
258 830 442 905 utrumque
467 829 658 885 continetur
682 843 752 884 non
772 832 902 887 tantum
924 822 1040 902 iniis,
1070 824 1187 910 quibus

109 944 112 957 ·
161 903 333 991 exprimitur
346 904 455 985 acuo,
479 924 561 990 quae
574 928 648 970 rem
672 905 818 993 aliquam
841 909 1018 975 circumeat
1040 920 1097 989 aut
1118 912 1186 977 cir·

109 1014 120 1079 z,
158 990 393 1077 complectatur,
415 988 590 1057 sedetiam
612 989 672 1055 ubi
696 992 840 1056 conditio
866 991 1080 1075 describitur,
1103 1017 1188 1084 quae

109 1084 119 1128 ·'
156 1076 293 1146 adlatam
312 1098 387 1140 rem
404 1076 585 1163 pertineat,
608 1085 732 1145 autres
776 1100 862 1145 erre
883 1079 995 1143 ionem
1012 1081 1096 1146 circa
1119 1082 1186 1148 dis-

109 1170 124 1265 ἱ,
153 1160 253 1249 posita.
296 1159 346 1229 lta
362 1161 629 1232 circumsedere¹
642 1162 730 1250 apud
749 1101 835 1231 i’ltn.
860 1100 944 1229 ilisa.
971 1186 1006 1227 n.
1021 1168 1079 1247 11,
1097 1172 1135 1249 1,
1150 1174 1183 1233 3.

109 1294 115 1314 .
153 1248 408 1315 circumuescerrs
422 1253 454 1330 2,
473 1252 546 1325 103,
563 1251 636 1317 106.
658 1248 921 1324 circumsonare,
935 1249 976 1313 de
991 1251 1085 1331 loeis,
1100 1274 1184 1339 quae

152 1332 257 1401 circum
270 1343 453 1413 resonant,
476 1333 563 1421 apud
578 1333 650 1403 Liv.
664 1338 724 1411 89,
744 1340 803 1417 10,
819 1340 851 1398 7.
873 1345 929 1399 aut
946 1337 1047 1400 active
1065 1338 1106 1401 de
1121 1360 1184 1403 vo-

109 1486 115 1498 ,
151 1418 227 1485 abus
239 1418 387 1506 undique
404 1419 526 1502 allatis,
550 1419 793 1490 circumiacere
808 1420 898 1509 apud
916 1421 987 1491 Liv.
1002 1426 1062 1505 δῖ,
1081 1424 1133 1488 54.

109 1560 124 1607 'i
246 1554 361 1625 Legitur
376 1554 450 1626 apud
464 1554 523 1609 cia
537 1555 572 1608 de
596 1556 652 1611 Off.
664 1554 698 1623 b,
711 1557 745 1623 2,
760 1554 787 1611 5.
806 1557 947 1615 conducere
966 1558 1099 1624 arbitror,
1118 1561 1181 1613 tali-

109 1655 114 1665 ·
210 1642 341 1699 lunum
355 1648 418 1695 tuus
435 1643 541 1697 meiius
562 1644 679 1712 undique
693 1643 894 1695 circumsonare.
922 1642 995 1711 qnod
1019 1648 1061 1695 cst
1081 1643 1182 1697 talibus

109 1732 113 1763 ¹
205 1724 310 1778 acubus
323 1724 621 1795 anttqaepersaaara
642 1726 868 1781 utcstadFam.
883 1724 915 1791 6,
930 1726 1020 1793 18,1.
1055 1728 1180 1792 Beterras,

109 1816 111 1845 ³
204 1808 371 1884 quivident
382 1809 495 1869 Pcarcii
513 1808 725 1879 explicationem
745 1811 780 1865 de
798 1809 957 1868 sonantibus
981 1810 1180 1867 emicuerint-
1241 1826 1244 1831 ·

113 1885 118 1955 ἶ
202 1894 289 1952 culam
305 1910 384 1967 esee,
401 1894 526 1951 correxit
544 1896 747 1962 circumsonari,
765 1902 856 1949 umen
871 1896 947 1949 nullo
961 1897 1086 1965 exemplo
1105 1913 1180 1949 com-

112 1978 119 2061 i
202 1978 346 2051 probarit,
376 1979 534 2049 prosaicum
564 1979 727 2049 scriptorem
751 1982 855 2047 ullum,
884 1982 984 2037 nedum
1017 1980 1180 2037 Ciceronem

109 2070 116 2145 Ἰ
200 2063 305 2139 passivo
322 2080 402 2123 usum
419 2082 487 2118 esse.
521 2063 617 2133 Neque
632 2065 731 2119 Cicero
752 2066 866 2121 dixisset
882 2084 960 2119 auree
981 2067 1179 2132 circumsonari,

109 2152 110 2163 ¹
201 2169 243 2203 ree
256 2167 318 2207 eas
339 2177 375 2193 -
393 2152 496 2206 audire.
530 2150 683 2202 Pronomae
699 2168 757 2215 eas,
778 2150 917 2203 diversum
937 2156 1019 2204 antea
1041 2167 1100 2202 cese
1115 2153 1179 2203 sub-

109 2242 111 2252 '
199 2231 476 2309 commorationis,
502 2233 633 2292 declarat.
683 2232 839 2310 Scriptores
865 2235 1028 2309 posteriores
1051 2233 1179 2289 dicebant

113 2328 118 2403 ζ
199 2320 313 2397 rudique
329 2319 436 2380 ciccum,
1014 2310 1017 2317 ’

109 2448 117 2509 i
215 2470 364 2558 Denique
382 2473 551 2559 quaeritur
569 2472 610 2538 de
634 2470 740 2537 verbis
760 2492 834 2537 cum
857 2469 979 2557 duplici
1001 2471 1177 2557 praeposi-

109 2556 111 2595 ⁵
148 2555 222 2625 tiene
236 2558 449 2645 compositis,
472 2558 513 2625 de
531 2581 594 2647 qua
610 2581 646 2624 re
662 2557 732 2624 dixi
754 2557 794 2622 ad
818 2556 913 2621 Statii
937 2554 1016 2621 Sile.
1036 2562 1073 2633 1,
1092 2562 1176 2635 1,1.

109 2656 111 2713 ἶ
148 2641 294 2713 Sed-ratio
308 2643 487 2712 verborum
502 2656 535 2709 et
551 2642 793 2709 consuetudinis
808 2652 957 2729 tempora
975 2640 1177 2728 distinguen-

109 2730 111 2767 l
149 2726 274 2794 desunt.
306 2730 414 2814 Atque
424 2732 554 2815 negavit
570 2730 702 2795 Cottius
720 2728 760 2793 ad
777 2728 907 2795 Sallust.
919 2728 1043 2794 Hister.
1057 2726 1108 2790 fra
1134 2750 1177 2805 m,

114 2858 118 2867 ·
147 2834 171 2899 p.
183 2818 253 2883 986.
275 2815 377 2881 scribi
394 2838 493 2903 posse
507 2815 600 2885 nulla
615 2814 940 2892 circumducente,
960 2834 1062 2899 quum
1079 2751 1176 2875 aia-

109 2949 118 2977 ..
149 2898 208 2965 linis
229 2898 303 2971 fere
325 2912 458 2970 cautum
479 2913 579 2983 esset,
600 2923 643 2968 ne
664 2901 727 2966 tria
753 2899 911 2964 vocabula
935 2900 1178 2980 coniungeren-

109 2994 118 3032 ··’
150 2992 195 3051 111.
242 2984 374 3055 Tamen
399 2988 485 3053 ratio
509 2987 636 3051 obstat:
660 3007 739 3052 nam
760 2981 998 3069 significatione
1020 2980 1177 3045 differam

114 3068 117 3077 '
150 3068 374 3141 circumadniti
390 3081 421 3137 et
439 3074 608 3138 nemiuem
622 3071 751 3136 circum
761 3117 772 3151 ,
793 3071 816 3135 i.
833 3090 861 3134 e.
883 3089 998 3133 eorum
1019 3067 1076 3153 qui
1090 3069 1176 3133 circa

113 3138 119 3253 ξ
150 3164 223 3237 sut,
244 3157 372 3225 adniti.
414 3158 478 3223 Sed
500 3158 625 3244 antiqui
640 3156 816 3244 scriptores
836 3177 968 3241 semper
991 3153 1025 3217 in
1047 3151 1099 3216 his
1116 3175 1177 3237 ap·

113 3292 117 3323 ,
182 3254 315 3309 suerunt
337 3243 528 3309 adverbium
580 3264 696 3323 urum,
718 3245 816 3306 etiam
837 3240 994 3328 proximo
1026 3238 1174 3304 averbis

160 3347 219 3397 ceo.
257 3330 377 3397 Postea
407 3351 510 3416 quum
532 3267 700 3417 pieniores
721 3327 851 3392 formae
875 3326 1060 3413 placerent,
1084 3334 1116 3388 ct
1138 3325 1174 3388 in

151 3408 357 3483 barianum
388 3416 594 3502 expositione
624 3435 711 3479 nova
742 3411 900 3479 vocabula
930 3410 1173 3487 adhiberentur,
1275 3452 1278 3457 -

134 3500 371 3589 ·ccniuugebant
385 3500 539 3567 adverbia
558 3502 656 3567 etiam
677 3521 753 3563 cum
776 3498 884 3563 verbis
905 3496 1117 3587 compositis,
1136 3505 1174 3558 ut

126 3668 130 3675 Ι
153 3602 245 3651 ennea
257 3596 368 3675 partes
393 3608 461 3652 uno
479 3596 616 3655 accentu
636 3583 971 3671 comprehenderent,
994 3582 1094 3666 idque
1119 3590 1174 3645 aut

154 3670 287 3739 continua
303 3672 467 3759 scriptura
483 3670 731 3761 exprimebant,
753 3680 810 3736 aut
822 3669 871 3757 hy
896 3669 962 3734 hen
978 3669 1174 3753 interpone-

154 3748 224 3823 beat.
260 3758 335 3823 Vna
357 3768 469 3825 tamen
499 3768 570 3825 erat
598 3756 751 3843 exceptio
782 3692 935 3820 omnibus
964 3751 1173 3840 temporibus

156 3843 325 3935 tpmmunis,
367 3845 433 3911 Vbi
452 3844 541 3915 enim
556 3863 658 3931 super
675 3852 706 3906 ct
724 3843 851 3907 circum
866 3840 983 3904 maiori
1007 3837 1173 3925 significa-

156 3930 226 3993 tione
241 3942 305 4017 pro
328 3931 487 4019 insuper,
505 3928 727 3997 circumcirca
751 3927 979 4016 ponebantur,
1002 3928 1098 3989 etiam
1122 3923 1173 3988 di-

159 4008 304 4081 menone
325 4017 513 4106 ctproprio
534 4024 670 4081 accentu
686 4013 916 4079 efferebantur.
959 4012 1069 4092 Quare
1091 4010 1172 4073 Cato

161 4088 248 4168 d*lie
268 4124 300 4169 r.
321 4103 377 4170 18.
405 4102 537 4192 scripsit
551 4098 676 4191 furcos
707 4100 835 4168 circum
863 4094 1020 4189 offigito,
1051 4095 1173 4161 Plinius
