2618 4770
130 232 194 321 τῳ
600 222 707 291 CVM.

233 386 321 441 vmo
336 379 370 435 de
385 378 429 435 lle
441 393 467 436 τ.
479 376 513 444 d,
528 375 562 444 b,
576 377 602 433 ².
630 378 739 449 qnidam
759 395 817 433 eam
837 396 868 441 ee
892 379 1024 437 adiiciant
1042 388 1185 453 praeterea

198 488 260 530 eaeo
281 470 352 525 alim
374 483 489 537 nmque,
511 480 578 535 mene
598 465 714 535 pingues
737 472 851 519 menne
877 483 965 521 cerne.
1010 469 1091 523 Hecc
1122 487 1184 521 aar·

198 562 282 625 rapta
296 571 356 607 esee
373 566 453 603 nemo
470 566 524 603 non
539 548 632 602 videte
649 566 713 603 nnm
727 566 764 603 ne
778 549 938 605 Scribonius
953 551 1081 621 quidem,
1100 571 1184 624 quem

198 639 384 695 Schneiderus
403 635 501 701 alleri,
517 653 575 687 cum
591 653 620 688 ec
639 634 709 689 dixit
722 651 773 705 pro
792 642 942 704 praeterea.
977 638 1114 708 Equidem
1137 658 1183 694 nr-

184 726 286 783 .bitrnn
301 720 435 775 excidisse
453 719 575 788 nliqnnm
587 718 751 772 acutenlinm
764 724 827 789 poet
846 720 933 773 verba
948 723 1057 791 qnidam
1069 744 1128 777 com
1141 744 1181 792 eo,

197 808 361 879 praesertim
377 822 460 876 quum
475 803 587 855 Vrsinus
609 802 638 855 in
660 803 756 857 codice
780 804 900 874 quodam
916 807 1019 876 legisse
1041 827 1070 861 se
1085 816 1182 865 narret

197 897 306 967 qnidam
321 911 378 945 cum
396 910 425 945 eo
439 890 589 945 coniiciunt.
626 888 785 943 Scribonius
801 890 896 957 Comp.
909 892 981 944 med.
998 892 1058 947 135.
1075 897 1181 950 videtur

198 988 286 1035 antem
301 977 392 1030 vinnm
410 976 537 1029 uelamine
559 981 726 1043 ventremque
749 993 807 1027 cum
832 992 862 1028 eo
884 978 951 1029 satie
973 979 1066 1032 mollit.
1101 981 1180 1033 Rho-

197 1065 257 1118 dius
270 1059 390 1115 correxit
408 1061 511 1112 bibetur
530 1065 618 1111 aulem
639 1065 692 1111 etc.
728 1058 784 1113 Sed
805 1056 910 1137 oidelae
935 1061 1039 1117 dietum
1063 1069 1105 1119 eet
1127 1082 1177 1135 pro

196 1148 301 1205 videtur
314 1146 509 1210 adhibendum,
536 1147 566 1197 el
581 1160 639 1197 eam
656 1159 686 1195 eo
703 1161 755 1215 pro
771 1143 857 1201 mixto
872 1160 935 1199 cnm
949 1146 1020 1205 alei.
1120 1154 1125 1163 “

212 1322 244 1389 ὄ.
266 1316 519 1385 communionis
534 1317 620 1382 ratio
636 1313 726 1381 iniis
742 1336 876 1405 quoque
890 1316 1073 1399 intercedit,
1097 1341 1177 1405 quae

129 1406 324 1497 aequalilale
347 1415 379 1468 et
407 1402 621 1467 similitudine
644 1399 822 1468 cohaerent
843 1414 899 1469 aut
930 1416 1175 1491 comparantur.

130 1498 242 1577 Quare
260 1513 337 1555 cnm
353 1489 465 1553 locum
482 1486 583 1553 habet
597 1492 633 1553 in
648 1491 906 1575 comparationis
925 1490 1080 1556 formulis
1097 1502 1176 1577 post

127 1581 227 1647 verba
247 1597 362 1663 aeque,
374 1574 525 1662 pariter,
545 1575 656 1655 iisxta,
675 1585 708 1639 el
720 1574 755 1639 in
770 1575 968 1661 designanda
983 1576 1176 1643 similitudi·

127 1689 170 1731 ne
186 1676 283 1751 alque
296 1660 561 1725 dissimilitudine
579 1665 674 1744 (nam
689 1682 726 1723 ca
743 1682 875 1747 quoque
896 1660 995 1741 huius
1011 1674 1060 1726 cst
1077 1686 1176 1749 gene-

127 1754 183 1832 ris,
231 1768 407 1833 numquam
423 1746 565 1811 Bauerus
581 1745 621 1810 ad
639 1746 747 1811 Senot.
764 1746 864 1812 Tom.
881 1752 911 1814 2.
951 1749 1099 1827 ‚nenjd
1113 1772 1175 1813 ne·

127 1774 230 1924 gaviib
249 1844 281 1899 ct
296 1834 330 1899 ia
347 1851 459 1897 rerum
475 1830 616 1913 unitate,
638 1841 717 1918 post
731 1832 889 1898 vocabula
905 1771 1015 1916 iciem',
1038 1857 1157 1900 tenum.

239 1954 282 2008 lle
296 1953 389 2007 verbio
403 1970 484 2023 aeqew
503 1970 561 2007 cnm
578 1951 642 2006 side
661 1952 742 2007 Tem.
755 1952 782 2007 1.
808 1971 836 2025 [τ.
850 1954 910 2010 lle
931 1954 967 2009 de
987 1954 1106 2025 reliquie
1125 1972 1176 2013 ene

193 2041 255 2095 loco
276 2039 406 2092 dicemus

238 2145 269 2197 c.
294 2143 396 2197 (lacem
415 2140 444 2194 in
464 2140 527 2195 Vita
543 2141 684 2195 Terentiie
712 2142 813 2196 hodae
836 2151 915 2214 etque
941 2145 1048 2197 atinam
1067 2149 1179 2218 scriptio

139 2250 145 2257 ·
193 2228 403 2294 adinnetnsor'el
415 2228 470 2292 eie,
491 2228 589 2280 comica
607 2234 638 2280 nt
652 2238 765 2299 cemento
777 2231 861 2282 cirtae
873 2230 985 2297 polleret
1001 2231 1100 2284 bonore
1116 2252 1178 2289 cnm

193 2314 309 2367 Graecia.
344 2307 442 2380 Virgil.
472 2312 540 2365 Aen.
560 2310 596 2377 l,
621 2311 682 2365 236.
707 2316 819 2383 pedibus
843 2315 946 2367 talaria
976 2318 1057 2367 nectit
1079 2336 1174 2385 aurea,

194 2416 262 2468 quac
281 2398 415 2450 sublimem
430 2398 491 2448 -alie
513 2425 548 2436 -
579 2398 675 2465 rapido
701 2400 806 2467 pariter
830 2416 887 2451 cam
909 2400 1022 2466 flamine
1049 2411 1173 2470 portant.

192 2485 271 2549 Quae
301 2499 335 2535 ex
359 2481 482 2534 Homero
511 2480 653 2550 desumpta
683 2490 746 2538 sunl
771 2484 822 2538 od.
842 2482 875 2549 b,
899 2482 942 2538 46.
983 2478 1043 2553 ἅμα
1067 2491 1174 2560 πνοιῇς

194 2562 320 2637 ἀνέμοιο.
1170 2634 1186 2661 ,

187 2666 196 2685 “
225 2666 333 2737 Apulei
345 2667 450 2723 rloriu
467 2686 494 2741 p.
508 2670 577 2739 866,
594 2671 621 2727 ¹1.
639 2673 733 2745 quta
744 2675 815 2729 balet
837 2688 866 2727 ee
889 2689 944 2727 noe
964 2691 1022 2727 eum
1046 2677 1090 2730 die
1114 2679 1170 2747 dis-

187 2757 293 2821 semet.

236 2855 293 2909 Cic.
308 2853 434 2911 ndl'em.
449 2855 583 2924 2,13‚5.
601 2876 687 2931 genno
703 2859 885 2915 institutorum
901 2868 927 2915 el
943 2863 1077 2917 rationum
1095 2883 1169 2920 meo-

191 2958 250 2992 rum
266 2942 506 2997 dissimilitudinem
520 2947 676 3000 nonnullam
692 2946 773 3003 babet
784 2964 842 3000 cam
863 2947 935 3001 illiue
956 2948 1168 3005 administratio-

188 3040 223 3076 ne
233 3026 394 3094 provinciae.
929 3040 934 3049 '

226 3126 316 3181 Tacit.
335 3128 405 3183 Anu.
426 3128 476 3197 15,
496 3131 523 3186 2.
551 3132 621 3186 boine
635 3148 686 3203 ego
706 3131 796 3186 eodem
813 3149 914 3187 mecum
936 3142 1015 3203 patre
1036 3134 1166 3204 μηίίτττττ,

190 3210 219 3263 in
246 3213 431 3280 possessionen
450 3216 593 3269 Armeniae
618 3218 722 3271 deduxi.
758 3216 866 3270 Gellius
887 3219 920 3285 9,
944 3218 988 3273 lu.
1023 3221 1168 3275 Annianus

135 3352 142 3357 „
187 3302 268 3368 pocla
282 3298 435 3367 alpinique
456 3318 513 3353 cnm
527 3318 557 3353 eo
576 3303 689 3373 einedem
710 3301 869 3357 Maeeeviri
882 3305 989 3356 nummis
1004 3306 1168 3375 assiduisque

4 3422 9 3429 .
95 3390 98 3395 '
189 3380 314 3431 laudibus
330 3380 376 3432 bos
395 3383 504 3453 Virgilii
517 3402 605 3437 ocreae
615 3386 752 3451 ferebant.
785 3386 841 3441 vid.
854 3388 981 3443 Perizon.
1006 3389 1041 3441 nd
1058 3389 1166 3443 Snnctii

187 3463 257 3518 blin.
280 3461 351 3528 4,6.
373 3482 400 3533 p.
415 3465 473 3521 266.
491 3487 531 3537 sq.
565 3470 664 3523 llornl.
687 3472 777 3525 (lemn.
807 3471 841 3537 3,
863 3471 897 3536 2,
918 3472 960 3527 26.
987 3475 1098 3538 celabo,
1119 3475 1166 3543 qui

192 3548 294 3601 Cereris
307 3564 412 3602 enarum
424 3553 543 3621 volgarit
562 3572 694 3621 areanae,
712 3558 760 3608 nub
777 3557 860 3608 isdem
877 3558 912 3608 eil
935 3559 1054 3612 trabibus
1066 3560 1165 3629 fragi-

187 3634 268 3687 lemue
286 3651 383 3685 mentm
403 3636 488 3688 solvat
508 3640 645 3707 pboeelen.
669 3641 718 3692 ubi
740 3642 832 3694 iisdem
854 3660 905 3711 per
921 3661 951 3695 so
969 3642 1090 3713 intelligi
1110 3660 1165 3697 non

186 3736 283 3788 posse,
309 3717 380 3771 bene
406 3721 600 3776 animadvertit
615 3726 741 3778 Bauerus
762 3742 789 3792 P·
810 3725 870 3779 262.
895 3729 942 3797 qni
964 3735 1057 3783 tamen
1078 3734 1163 3795 erret

187 3821 271 3873 quum
289 3803 360 3871 apud
375 3802 496 3859 Gellium
511 3807 652 3878 coniungit
667 3810 753 3863 verbe
768 3829 826 3863 com
839 3830 868 3864 co
879 3816 1012 3879 serebant.

191 3974 195 3981 .
223 3907 301 3960 Caes.
315 3906 349 3959 B.
364 3907 430 3974 gall.
454 3907 486 3973 2,
501 3908 526 3962 8.
546 3911 591 3978 qai
612 3913 701 3965 eodem
723 3915 781 3969 inte
800 3916 893 3968 iisdem
916 3916 1018 3985 legibue
1038 3923 1161 3981 mantue,

185 4008 265 4043 unum
303 3992 448 4061 imperinm,
473 4012 604 4064 unumque
631 4000 820 4067 magistratum
849 4017 905 4061 cum
935 4001 1000 4069 ipsis
1033 4003 1160 4073 babeant.

143 4128 147 4133 .
188 4072 392 4144 dnecisnnn,
410 4094 463 4149 quo
477 4080 546 4153 idem
559 4097 621 4135 cum
638 4080 732 4139 dudio
754 4080 873 4155 simplici
888 4084 1075 4155 componitur,
1094 4086 1162 4141 illu·
