2618 4770
492 254 698 347 uuum.
737 263 740 268 ·
1036 264 1096 330 asa

129 414 280 491 venierunt,
305 419 331 468 et
346 414 377 468 ob
392 414 440 467 boc
452 410 554 481 aliquid
568 410 635 463 mibi
648 415 785 493 astrapen
798 412 868 478 illis,
899 417 1019 485 quamvis
1031 423 1102 475 emta

90 531 91 534 κ
126 497 197 563 siut,
214 499 296 551 debes.
472 509 474 515 ’
919 520 921 527 ’
946 559 948 562 ,

145 597 176 660 4.
208 598 322 663 Extra
345 623 448 685 quam
468 597 607 685 ponitur
630 617 694 682 pro
719 609 979 687 praeterquam,
1005 625 1101 688 prae-

58 682 173 744 sertim
186 682 450 749 insondinonati
466 682 643 760 sententia,
665 683 698 744 in
718 704 782 766 quo
792 685 907 749 Graeci
922 685 1005 762 ἐκτὸς
1019 690 1046 751 εἰ
1058 684 1100 770 μὴ

59 766 187 829 dicunt.
229 770 319 834 Hanc
344 768 548 856 exceptionis
566 765 745 830 formulam
765 769 934 834 iuridicam
945 773 1016 852 ,in
1038 797 1102 860 qna
1136 819 1139 825 f
1245 803 1248 811 ⁴

57 851 130 914 sola
147 852 263 919 Cicero
280 853 360 919 hoec
384 855 481 920 verba
505 872 662 939 usurpare
680 850 821 934 solebat,
859 856 1103 922 illustraverunt

33 973 35 976 ν
58 934 248 1002 Brissonius
265 938 305 1003 de
319 939 468 1004 Formul.
485 939 516 1009 5,
528 942 580 1001 77.
599 946 630 1000 et
643 935 895 1011 Drakenborch.
913 942 952 1004 nd
970 944 1038 1008 Liv.
1048 949 1103 1025 26,

58 1023 113 1101 34,
130 1025 161 1085 6.
182 1033 215 1086 et
240 1023 349 1103 adeo,
370 1029 420 1103 18,
437 1029 468 1087 7.
501 1020 594 1085 Nihil·
615 1042 739 1087 novum
765 1025 872 1113 attulit
892 1026 1044 1091 Moserus
1066 1029 1102 1093 in
1151 1066 1153 1070 >
1233 1002 1235 1006 ὗ

56 1107 147 1170 notis
168 1108 208 1171 ad
232 1111 299 1173 Cic.
315 1108 354 1174 de
374 1110 421 1173 Re
435 1106 527 1195 publ.
547 1114 575 1188 1,
593 1111 624 1170 6.

161 1228 218 1281 cio.
233 1229 267 1281 de
283 1229 343 1281 lnv.
358 1229 383 1292 1,
397 1218 439 1292 33,
455 1226 498 1280 tn.
515 1228 554 1292 εἰ,
571 1227 685 1290 indices,
702 1226 744 1289 id,
763 1221 1046 1296 quod'Epaminondm
1061 1230 1101 1286 ott

126 1313 194 1381 legis
207 1316 359 1385 scriptorem
373 1314 495 1375 senense,
513 1311 647 1363 adscribat
662 1311 697 1361 ad
713 1310 812 1378 legem,
832 1318 858 1362 et
875 1313 960 1364 addat
973 1316 1102 1382 exceptio-

56 1417 57 1425 *
126 1410 187 1448 nem
201 1399 286 1450 banc.-
311 1405 388 1450 extru
402 1414 480 1465 quam
494 1395 588 1465 siquis
602 1393 773 1462 reipublicae
789 1410 881 1445 caussa
897 1397 1035 1448 exercitum
1047 1392 1111 1450 nor(

127 1482 285 1547 tradiderit,
299 1479 460 1551 patiemini?
479 1478 513 1530 ad
528 1479 582 1531 Art.
596 1475 622 1541 6,
637 1478 662 1530 1.
683 1494 732 1546 ego
747 1484 837 1529 tamen
850 1479 931 1530 babeo
948 1480 1102 1549 (exceptio-

127 1566 205 1632 nem)
222 1595 256 1604 —
273 1583 304 1617 ea
327 1565 357 1629 Q.
374 1565 457 1615 Mucii
479 1563 507 1614 P.
531 1562 561 1612 F.
583 1563 666 1614 edicta
687 1562 809 1624 asiatico,
835 1569 912 1614 extra
930 1582 1006 1631 pram
1023 1567 1047 1616 si
1062 1567 1105 1631 ita

130 1651 264 1718 negotium
277 1657 378 1719 gestum
392 1655 445 1711 est,
466 1655 496 1698 ut
512 1663 540 1698 eo
553 1647 621 1697 stari
633 1663 686 1697 non
701 1653 821 1713 oporteat
833 1663 865 1698 ex
872 1645 931 1712 fide
946 1649 1021 1701 bono.
1039 1650 1099 1704 niv.

128 1732 172 1795 39,
181 1732 223 1796 18,
231 1732 256 1785 7.
274 1736 364 1786 datam
376 1734 469 1784 deinde
479 1730 765 1799 consulibusnegotiam
777 1737 829 1794 est,
853 1738 882 1781 at
891 1732 979 1783 omnia
990 1733 1101 1786 baneba-

127 1818 203 1869 nalia
216 1845 250 1854 -
266 1818 413 1883 diruerent,
432 1824 598 1883 extraquam
611 1816 634 1866 si
649 1813 855 1882 quatttaaaaa
870 1832 921 1866 ara
933 1824 981 1868 ant
994 1818 1101 1887 signam
1202 1866 1206 1873 ,

129 1909 306 1953 consecratum
332 1909 404 1955 esset.
438 1900 481 1966 38,
502 1899 545 1965 38,
567 1899 592 1952 9.
628 1897 670 1962 39,
687 1896 729 1962 18,
743 1896 768 1949 7.
798 1897 905 1966 Vipinu.
931 1898 959 1954 in
977 1899 1041 1968 mg.
1056 1899 1100 1966 43,

128 1983 169 2048 12,
187 1985 212 2049 1,
227 1983 269 2036 16.
568 1984 571 1989 ’

165 2086 222 2138 Cio.
239 2087 273 2137 do
292 2087 350 2138 lnr.
366 2085 392 2149 2,
407 2084 449 2148 57,
464 2084 524 2136 1¹12.
551 2083 804 2135 tontuesmortola
818 2093 969 2138 arcesseret
984 2076 1101 2156 intem're,⁴
1136 2090 1139 2099 “

128 2170 184 2219 siae
207 2171 386 2220 adiunctione:
411 2175 442 2218 ut
463 2168 518 2217 cibo
530 2172 656 2233 utantur,
674 2183 727 2216 non
748 2175 900 2219 accenseam
914 2170 967 2220 uisi
981 2189 1037 2224 cum
1051 2160 1102 2228 iila

128 2253 291 2316 exceptione.-
309 2259 384 2303 ertra
397 2269 475 2320 mam
487 2251 511 2302 si
526 2251 611 2302 nolint
622 2253 698 2315 fame
714 2249 808 2316 perire.
839 2249 986 2305 Lambinus
1010 2257 1097 2310 corri-

131 2335 173 2403 gir
187 2336 283 2387 velint:
301 2340 330 2387 nt
347 2335 465 2387 refertur
480 2334 564 2385 nolint
579 2333 613 2385 sd
626 2333 711 2384 verba
725 2348 824 2384 necesse
837 2341 883 2386 cst.

165 2437 222 2490 cto.
233 2437 266 2489 do
279 2438 337 2488 Inv.
353 2437 378 2501 2,
393 2435 436 2500 211,
452 2434 495 2488 59.
514 2424 631 2504 postulat
645 2435 683 2499 is,
700 2434 801 2509 picum
818 2434 925 2504 agitur,
945 2453 962 2488 a
976 2424 1102 2505 praetore

130 2524 322 2590 exceptionem:
339 2529 417 2573 extra
432 2539 509 2591 quam
522 2522 551 2572 in
565 2537 637 2572 ream
652 2519 745 2587 capitis
751 2519 944 2586 praeiudicium
951 2523 1016 2586 flat.
1039 2523 1100 2577 Liv.

129 2607 172 2672 26,
187 2605 229 2670 34,
245 2604 270 2658 (i.
300 2606 449 2673 Campanos
469 2622 570 2667 omues,
590 2604 741 2667 Atellanos,
770 2603 922 2668 Calatinos,
948 2606 1100 2673 Sabatinos,

130 2698 206 2743 entra
217 2707 310 2759 mam,
336 2690 381 2758 qui
394 2706 481 2741 eorum
497 2697 544 2742 aut
559 2690 612 2759 ipsi
625 2695 672 2742 aut
685 2693 808 2757 parentes
821 2704 909 2740 aarum
925 2691 999 2760 apud
1017 2692 1102 2746 hostes

129 2784 227 2840 essent,
242 2772 336 2828 lituos
348 2792 400 2827 erse
413 2774 551 2827 iusserunt.
857 2763 859 2767 ’

142 2911 199 2974 IV.
234 2917 263 2975 1.
293 2876 1099 3000 Praepositionispost-noguenpositaeexempla
1131 2934 1134 2943 ‘
1204 2996 1206 3001 .

63 2998 272 3081 reperiuntur
304 3018 414 3082 pauca.
465 2995 567 3058 'facin
591 2997 677 3058 Ann.
705 3002 755 3074 13,
780 2995 831 3058 47.
872 3017 934 3080 prta
959 2997 1102 3062 solutius

63 3081 177 3144 urbem
202 3092 298 3144 extra
319 3080 504 3145 lasciviret.
538 3078 581 3142 ef.
603 3097 726 3144 INTRA.
751 3079 939 3164 Wopkens.
962 3083 996 3145 in
1014 3083 1101 3148 Actis
1171 3118 1173 3122 ·

63 3166 205 3229 'sraiecb
224 3166 298 3229 Vol.
316 3172 347 3229 2.
364 3189 398 3253 p.
416 3170 469 3230 79.
500 3163 677 3229 Ruhnken.
694 3164 734 3227 ad
749 3164 863 3227 Vellei.
881 3165 918 3227 P.
934 3170 986 3244 91,
1000 3172 1033 3230 2.

151 3289 182 3346 2.
204 3285 480 3369 Praepositionem
498 3293 529 3346 et
544 3283 731 3347 adverbium
751 3283 784 3345 in
808 3283 903 3365 unius
923 3287 1102 3354 sententiae

93 3368 213 3430 artibus
247 3371 399 3454 componi
430 3391 527 3457 posse
565 3370 693 3455 negavit
722 3366 886 3448 Bentleius
917 3368 954 3431 sd
985 3371 1100 3437 Horat.

65 3391 169 3535 iipist.
189 3458 221 3530 2,
238 3460 266 3531 1,
282 3459 333 3516 31.
352 3455 462 3539 ibique
477 3453 528 3527 id,
559 3455 646 3538 quod
671 3454 704 3516 in
730 3453 882 3516 omnibus
903 3451 993 3518 libris
1017 3456 1100 3544 legi-

66 3545 138 3597 tur:
169 3537 332 3600 uiliatra
358 3550 406 3601 est
429 3541 554 3616 oleam,
577 3540 629 3602 aii
650 3551 746 3603 extra
771 3547 820 3602 est
841 3538 878 3600 in
902 3561 985 3602 narce
1010 3540 1100 3618 decri,
1174 3540 1175 3544 ’

64 3622 202 3685 mutavit
227 3623 418 3687 scribendo:
449 3626 548 3706 intra
577 3636 626 3688 est
656 3623 743 3687 olea.
784 3623 822 3686 ld
844 3625 1101 3711 comprobavere

66 3727 184 3770 omnes
220 3707 370 3773 editores.
428 3710 470 3772 At
506 3731 629 3773 errasse
669 3730 725 3773 eos
756 3719 867 3772 tamen
907 3732 1114 3796 persuasum·

65 3791 186 3856 babeo.
235 3793 318 3856 Nam
344 3815 445 3878 quum
469 3795 592 3858 Ennius
617 3796 704 3880 apud
727 3795 880 3858 Priscian.
895 3838 900 3849 .
916 3799 946 3858 6.
969 3818 1002 3879 p.
1025 3797 1114 3860 725.

67 3878 127 3940 ait:
152 3878 349 3943 accumbunt
362 3878 461 3942 multi
474 3879 577 3943 letum
595 3879 750 3967 ferroque
765 3879 911 3966 lupique¹
923 3891 983 3942 aut
1007 3879 1102 3944 iutra

67 3985 179 4040 maras
190 3975 250 4027 aut
267 3976 365 4028 extra
380 3965 542 4051 praecipe
556 3987 657 4029 casu.-
679 3977 710 4029 et
721 3967 838 4031 Horat.
853 3965 958 4048 Epist.
970 3969 1038 4046 1‚2,
1050 3970 1100 4030 16.

67 4047 187 4112 iliacos
201 4050 297 4114 intra
314 4072 427 4114 muros
441 4063 602 4136 peccatur
618 4063 649 4116 et
662 4064 770 4132 extra.
794 4072 865 4114 non
880 4058 989 4135 potest
1004 4062 1102 4121 extra
