2618 4770
197 268 262 333 674
650 248 812 315 EXTRA.
1018 326 1021 333 Ι

302 416 393 470 Pluut.
407 405 503 473 Mil'd,
516 403 595 472 tto.
612 421 692 474 quun
705 405 836 474 extenplo
853 405 902 465 boo
917 403 968 457 erit
978 405 1100 469 smne,
1118 402 1166 455 ubr'
1176 401 1251 453 intra

272 504 338 557 baec
360 496 472 560 abierit,
500 500 531 546 tu
548 492 619 544 illico
635 489 738 560 facitu,
760 495 791 543 ar
810 490 910 543 oenias.
952 487 1155 541 Lindemannus
1184 483 1254 536 vidit

208 642 211 647 Δ
276 581 608 644 scribendumessequum.
631 571 833 637 Tria-2,1‚1u.
853 571 1254 642 quumcxteruplcsaaiissagit-

271 671 338 726 tatis
350 679 487 736 percussus
500 667 553 725 est,
576 659 647 711 illico
671 675 713 711 ree
725 660 806 733 sorus
828 659 936 711 labitur.
971 657 1152 725 Quocumque
1172 655 1254 707 modo

209 736 215 745 ⁵
274 746 466 808 antecedentia
489 743 667 796 emendentur
691 743 791 806 verbu,
816 740 845 795 iu
863 741 966 809 quibus
983 759 1097 809 ameum
1112 757 1171 809 ‚pro
1193 757 1255 791 narn

209 823 214 833 ’
275 851 356 905 quarn
376 831 504 899 antiquus
517 822 591 903 liber
606 826 773 901 suppeditet,
798 832 873 887 certe
896 842 973 893 quom
989 826 1117 893 retempto
1133 822 1257 876 scriben-

273 919 339 970 dum
359 914 420 967 erit.
452 937 455 950 ·
958 932 961 939 ·

289 1018 323 1102 *)
362 1012 626 1085 Οουῐυηόυηωτ,
650 1009 816 1096 extemplo
848 1018 880 1075 et
909 1009 1059 1102 exemplo
1088 1008 1126 1073 iu
1152 1008 1257 1072 Plaut.

210 1104 298 1174 usin.
322 1109 353 1182 2,
376 1108 409 1182 2,
433 1106 487 1169 28.
519 1100 553 1162 iu
578 1097 736 1161 Varronis
760 1098 864 1161 verbis
892 1096 979 1180 apud
1004 1095 1152 1157 Nonium
1175 1118 1204 1157 s.
1231 1115 1257 1155 s.

165 1218 169 1225 ·
210 1185 408 1343 ἓιὲνὲίὲιιέηε.
432 1187 467 1252 in
489 1184 575 1295 Piis.
600 1183 678 1246 Pan·
703 1183 756 1263 56,
776 1185 811 1246 9.
843 1180 908 1247 vid.
932 1178 1102 1247 Drakeub.
1127 1178 1169 1258 ud
1188 1179 1257 1243 Lis.

217 1351 223 1365 .
253 1324 264 1360 r
290 1346 300 1355 ..
322 1322 343 1355 s.
372 1317 382 1336 ·
479 1334 482 1339 ·

557 1426 854 1540 ''EXTRA.
953 1380 957 1392 s

220 1620 224 1629 ‘
298 1607 426 1672 uxum
455 1622 523 1688 quo
552 1600 655 1665 modo
683 1599 722 1664 ab
741 1610 864 1664 'extera
887 1593 963 1680 fiat,
1006 1619 1068 1686 per
1097 1621 1133 1663 se
1157 1609 1260 1686 patet.

213 1688 290 1760 Nou
307 1688 498 1776 intelligitur
514 1707 616 1751 uuum
636 1684 832 1749 vocabulum
851 1694 965 1771 parte.
1007 1689 1115 1769 Atque
1141 1685 1261 1749 adver-

216 1780 308 1844 bium
334 1786 382 1839 est
400 1795 462 1860 pru
489 1772 556 1852 rie,
593 1771 680 1857 quod
706 1791 809 1853 quum
833 1791 944 1834 casum
969 1767 1136 1848 adsciscit,
1166 1793 1262 1856 prue-

216 1863 338 1951 positio
365 1857 412 1921 fit.
455 1794 542 1919 'dium
567 1875 645 1921 vero
670 1855 757 1940 apud
779 1878 894 1919 omnes
912 1854 1062 1938 antiquos
1084 1855 1262 1942 scriptores

218 1945 400 2010 accusativo
417 1941 601 2027 praecedit:
624 1942 842 2005 recentissimi
858 1942 1033 2026 scriptores
1055 1941 1152 2003 etiam
1173 1941 1262 2004 ablu·

154 2078 157 2082 -
216 2035 320 2094 rivium
337 2029 512 2112 adiungere
533 2027 600 2090 ausi
622 2035 709 2089 sunt.
755 2025 1044 2106 Quemadmodum
1061 2026 1215 2113 Hyginus
1231 2026 1261 2089 iu

217 2114 305 2180 libro
331 2114 371 2178 de
396 2112 565 2176 Limitibus
590 2127 747 2199 agrorum
779 2111 862 2175 dixit
891 2122 988 2174 extra
1010 2107 1123 2199 func,
1166 2123 1261 2176 extra

218 2199 431 2264 sanctuaria.
457 2197 509 2261 vd.
526 2198 662 2262 Salmas.
682 2196 721 2260 ad
738 2194 879 2284 Capitol.
907 2197 979 2260 Ver.
994 2201 1025 2260 9.
1052 2218 1086 2283 p.
1103 2201 1180 2260 431.
1203 2210 1206 2217 '

320 2317 453 2371 Priscian.
467 2315 510 2368 14.
528 2334 553 2384 p.
570 2316 629 2369 teu.
649 2324 754 2383 extra
771 2334 883 2384 quoque,
901 2318 969 2383 quod
984 2317 1123 2384 significat
1139 2314 1173 2369 cd
1188 2311 1262 2376 duris

288 2405 360 2471 apisci
379 2405 500 2466 Graecos,
518 2402 669 2453 adverbium
683 2409 730 2464 est,
748 2403 891 2452 derivatum
909 2419 925 2451 a
938 2402 1134 2468 praepositione
1152 2419 1191 2452 er
1210 2409 1262 2451 tam

289 2488 362 2554 apud
379 2487 437 2536 illas
454 2502 533 2552 quam
549 2487 620 2552 apucl
642 2503 695 2536 nos.
731 2485 822 2536 Nostri
837 2486 998 2536 autem'r'deo
1021 2504 1073 2536 non
1094 2486 1180 2536 solnm
1199 2487 1263 2536 inter

231 2600 234 2607 ·
286 2569 431 2630 adverbia,
463 2569 509 2618 scd
531 2569 612 2618 otiam
637 2569 705 2620 inter
724 2572 929 2636 praepositiones
951 2556 1121 2637 acceperuut,
1140 2571 1217 2636 aperie
1242 2576 1263 2618 et

229 2688 232 2694 ·
290 2653 347 2704 sine
378 2653 526 2703 casualibus
552 2655 628 2704 aerbo
656 2655 831 2722 adiungitur,
860 2662 884 2705 ct
908 2655 1085 2721 praepositum
1117 2653 1263 2703 casualibus

230 2782 234 2791 .
289 2744 431 2804 gravetur.
467 2753 492 2800 p.
516 2734 575 2786 tto.
602 2739 731 2802 quaeda-m
760 2739 839 2788 etiam
864 2755 1003 2805 syncopam
1023 2753 1120 2803 passae
1141 2743 1220 2795 sunt,
1238 2742 1263 2785 ut

288 2837 405 2887 supra
431 2837 481 2887 pro
505 2837 651 2886 supera,
686 2827 711 2872 et
739 2820 842 2885 infra
867 2821 1077 2888 percensere,
1109 2826 1135 2869 et
1159 2828 1264 2870 extre

244 2956 247 2963 Α
287 2921 339 2973 pro
362 2911 494 2955 extera.
525 2903 592 2953 Nam
610 2905 712 2971 antiqui
726 2905 866 2971 trisyllaba
881 2921 912 2954 ca
923 2906 1102 2971 proferebant.
1120 2933 1155 2944 --
1174 2906 1265 2955 'senuit

231 3043 235 3063 -.
288 2995 377 3046 tumen
400 3005 476 3050 usas,
511 2993 540 3037 ut
562 2988 706 3053 dissyllaba
729 2989 817 3056 magis
841 3005 872 3038 ea
900 2991 1080 3056 proferantur.
1116 2988 1171 3038 Nec
1187 2990 1266 3047 solum

288 3072 511 3140 praepositiones,
530 3071 670 3144 sedetiam
686 3073 813 3125 adverbia
827 3062 890 3125 sunt
911 3090 943 3124 ee
961 3089 1012 3140 pro
1032 3071 1112 3124 auria
1126 3073 1266 3141 significu-

232 3140 239 3151 i
271 3143 537 3223 'tioneaccipienda

308 3271 333 3335 Ι.
356 3278 384 3334 1.
407 3270 521 3334 Extra
550 3272 750 3335 contrarium
776 3270 895 3335 iudicat
916 3270 1092 3335 verborum
1116 3273 1216 3337 intra
1239 3283 1268 3336 et

224 3353 262 3417 ia
283 3366 315 3418 et
335 3357 445 3433 intus,
474 3357 590 3439 quibus
614 3379 711 3442 saepe
733 3359 767 3420 iu
793 3358 940 3419 oratioue
964 3360 1157 3442 opponitur.
1212 3361 1269 3422 Est

223 3440 323 3522 igitur
347 3437 560 3526 arrfserbalb‚
589 3440 726 3528 crissen,
768 3443 855 3525 quod
880 3442 996 3504 dicitur
1020 3444 1181 3506 derebus
1210 3467 1268 3506 ex-

224 3527 344 3610 ternis,
363 3547 444 3608 quae
462 3537 516 3587 urit
535 3550 602 3589 nou
620 3529 650 3589 iu
668 3529 742 3590 loco
761 3537 853 3600 suut,
873 3538 927 3589 aut
946 3528 1062 3590 nonin
1080 3550 1128 3589 re.
1163 3532 1269 3613 Atque

224 3609 269 3669 it'a
296 3621 428 3671 externa
456 3610 551 3675 iacies
584 3624 615 3674 et
644 3611 752 3675 forma
785 3611 930 3676 internae
957 3614 1003 3674 rei
1036 3627 1269 3698 opponuntur.

224 3694 291 3756 Nec
309 3706 435 3757 tanturn
455 3700 671 3774 recentiores,
700 3707 735 3757 ut
753 3696 947 3779 quibusdam
966 3698 1070 3760 visum
1090 3709 1158 3773 est,
1190 3700 1271 3762 scri-

225 3790 354 3864 ptores,
392 3781 447 3843 sed
476 3785 591 3870 optimi
626 3782 830 3843 collocarunt
856 3783 953 3848 verbu
983 3783 1132 3846 inlucet
1159 3797 1270 3859 extra,

224 3876 323 3929 entra
347 3878 379 3929 et
401 3867 513 3946 intra,
537 3869 587 3930 vel
601 3868 720 3928 omissa
738 3866 866 3950 copula.
954 3890 956 3894 ’

313 3985 401 4037 ¹Varr.
418 3985 507 4037 delle
522 4004 544 4037 r.
560 3986 585 4050 ὃ,
603 3985 645 4050 16,
661 3983 702 4035 lt.
721 3986 807 4035 vitiles
822 3990 889 4052 fimo
905 3982 1006 4039 bubulo'
1016 3987 1136 4041 oblinunt
1155 3988 1230 4042 intus
1249 3996 1274 4043 et

188 4078 194 4085 ’
290 4077 382 4134 extra,
401 4088 434 4124 ne
448 4073 590 4140 asperitate
607 4073 813 4124 absterreantur.
