2618 4770
211 300 217 313 -
233 273 297 340 soi
659 260 854 329 ernust.
951 242 954 246 “

302 429 364 481 iare
379 419 513 479 alebant
546 415 603 472 vid.
618 415 787 487 euinctus,
801 415 883 486 1⁰,s
910 417 1018 488 l,·2‚d.
1053 419 1116 478 cio.
1135 418 1173 475 de
1189 419 1290 490 riui,

303 511 347 576 m,
361 509 405 563 st.

219 619 233 667 ¹.
322 618 373 677 12.
396 610 604 696 Tempurum
620 607 705 672 ratio
721 628 792 671 nou
809 606 871 670 alia
894 594 1059 694 aequasi
1076 609 1115 672 in
1132 608 1291 674 universo

238 720 357 789 genere
373 695 636 761 enuntiationum
654 693 943 772 conditionalium,
972 693 1011 756 de
1031 714 1096 779 qua
1125 694 1244 759 dicam
1263 696 1291 759 in

238 804 280 849 81.
323 783 480 847 Futurum
497 800 573 843 non
595 788 725 848 tantum
748 780 784 843 in
813 788 951 862 utraque
979 789 1073 865 parte
1101 789 1138 853 et
1163 779 1204 843 in
1232 778 1290 844 una

238 868 394 957 primaria
417 867 526 930 locum
548 863 665 945 hebet,
688 873 797 952 potest
820 863 916 926 etiam
939 863 975 926 in
997 864 1200 929 secundaria
1225 888 1290 931 sen·

238 955 340 1019 tentia
363 953 464 1040 poni,
489 950 526 1039 in
541 950 698 1036 primaria
717 949 807 1036 sequi
824 970 988 1036 praesens.
1073 1027 1077 1033 Ι

342 1071 400 1125 cic.
416 1071 452 1123 nd
466 1071 521 1123 stt.
535 1068 561 1135 7,
577 1070 604 1122 i.
621 1087 672 1140 ego
687 1071 765 1121 bonos
775 1070 845 1122 ciros
861 1074 909 1121 aut
925 1086 981 1133 eos,
1000 1069 1160 1138 quicumque
1172 1070 1289 1125 dicenter

308 1146 509 1224 eontssseqaai,
529 1157 633 1208 etiamsi
645 1161 730 1207 nient.
748 1153 783 1206 ud
797 1154 875 1206 Fam.
885 1151 945 1218 5,8,
962 1152 1003 1206 11.
1031 1153 1288 1221 οηἰυο1ἰ1.4,ῌὶ

203 1236 207 1243 ¹
229 1257 232 1261 ’
304 1242 333 1307 5,
346 1242 389 1308 1⁰,
404 1240 429 1293 8.
448 1241 516 1311 quod
530 1238 632 1292 etiamsi
645 1240 754 1308 propria
767 1239 985 1307 interpretatione
999 1237 1084 1291 dicere
1093 1240 1190 1306 fldem
1202 1257 1288 1310 posss-

306 1345 380 1390 ntus,
399 1326 516 1395 apertius
532 1332 621 1377 temen
635 1324 817 1392 probationem
832 1323 1074 1392 interpretabimur.

340 1427 401 1480 (lic.
414 1427 447 1477 rle
461 1429 506 1487 Re
518 1445 548 1494 p.
565 1428 590 1491 1,
607 1424 650 1491 19,
664 1424 708 1476 ei
727 1432 774 1478 cut
790 1427 856 1477 scire
871 1425 983 1477 uterum
998 1424 1081 1488 nint,
1099 1416 1170 1490 aut,
1189 1425 1287 1478 etiarnsi

306 1515 418 1567 menime
435 1513 559 1575 sommus,
578 1529 625 1563 nec
640 1509 757 1562 meliores
769 1511 799 1561 ob
810 1526 868 1561 earn
877 1509 1012 1561 seientiam
1026 1525 1072 1560 nec
1088 1510 1229 1571 beatiores
1241 1525 1285 1563 ens

306 1614 449 1669 possumus.
494 1595 572 1660 Quae
588 1594 685 1646 eodem
698 1591 885 1657 mitudinis,
911 1609 964 1661 quo
981 1592 1065 1645 ricard.
1080 1591 1108 1658 2,
1129 1592 1176 1657 41,
1190 1592 1284 1646 leto

222 1727 225 1733 ,
307 1699 369 1736 cero
393 1680 647 1749 aliquidnecurret,
674 1678 742 1745 pund
758 1677 815 1729 ucri
831 1678 918 1753 simile
930 1677 1066 1741 uidentur,
1093 1677 1284 1730 humanissime

308 1766 450 1834 completur
472 1748 576 1814 anisius
601 1761 742 1830 voluptate.
793 1761 870 1829 Ques
894 1761 927 1813 tle
949 1759 994 1814 his
1017 1760 1148 1814 Moserns
1171 1759 1282 1829 scripsit,

305 1849 410 1925 pellem
424 1862 477 1899 nen
494 1844 596 1912 scriptu
610 1862 678 1898 esse.
834 1833 845 1839 ⁹

235 1956 239 1965 '
277 1940 306 2003 i-
324 1955 376 2014 ts.
406 1948 445 2012 In
475 1945 646 2010 scribendo
670 1945 735 2011 hoc
759 1945 920 2013 vocabulo
946 1947 1158 2035 grammatici
1183 1945 1283 2011 nostri

240 2035 403 2122 temporis
421 2033 456 2097 in
480 2032 620 2096 diversas
641 2044 750 2120 partes
775 2032 956 2097 discedunt.
999 2033 1063 2097 Alii
1088 2033 1183 2097 enim
1206 2055 1281 2096 con⁴

205 2166 208 2171 «
241 2123 381 2208 iungunt
395 2119 429 2181 in
447 2139 546 2180 unam
566 2139 680 2183 vocem
700 2118 852 2198 etiamsi,
875 2119 929 2183 alii
949 2139 1081 2204 semper
1097 2116 1282 2182 distrahunt

235 2205 349 2271 etiaim
363 2205 404 2281 si,
422 2203 475 2268 alii
487 2203 627 2289 denique
642 2203 879 2289 significatione
890 2214 1066 2289 utrumque
1079 2202 1282 2287 distinguunt

240 2292 303 2366 ito,
327 2302 365 2354 ut
390 2288 548 2355 etiamsi
574 2289 615 2352 sit
637 2290 744 2352 etiem
768 2300 857 2363 tum,
909 2312 998 2352 uum.
1042 2288 1129 2352 Vide
1152 2287 1281 2352 Walch.

242 2376 282 2439 nd
297 2375 402 2439 Tacit.
425 2378 500 2459 Agr.
523 2399 556 2461 p.
573 2376 646 2437 394.
679 2374 846 2437 Kritzium
865 2312 908 2437 ad
930 2375 1061 2437 Sallust.
1081 2374 1155 2436 Cat.
1182 2397 1218 2459 p.
1240 2379 1280 2436 10.

240 2461 340 2524 Cuius
357 2461 541 2523 subtilitatis
558 2461 665 2522 omnis
677 2460 849 2543 antiquitas
866 2482 982 2545 expers
999 2457 1071 2521 fuit.
1106 2460 1181 2521 Vna
1199 2459 1280 2521 enim

239 2545 350 2609 forma
373 2555 441 2624 est,
479 2566 541 2607 una
565 2542 767 2628 significatio.
829 2544 938 2622 Quare
961 2543 1128 2607 nisialiae
1158 2550 1280 2606 caussae

238 2631 476 2707 interveniunt,
499 2651 632 2714 semper
646 2629 708 2692 erit
720 2630 929 2692 scribendum
946 2629 1133 2691 coniunctis
1149 2630 1279 2693 vocibus

240 2716 386 2779 etiamsi.
422 2715 463 2778 Et
480 2717 621 2799 pertinet
637 2714 774 2781 etiamsi
793 2715 831 2776 ad
851 2739 901 2777 eas
918 2715 1182 2787 coniunctiones,
1202 2736 1278 2800 qus-

238 2822 314 2864 rum
335 2800 613 2886 compositionem
647 2800 828 2861 Priscianus
856 2801 899 2862 nit
936 2821 977 2863 ex
1011 2810 1150 2864 accentu
1177 2800 1276 2862 nosci.

239 2887 339 2949 Cuius
352 2884 643 2970 argumentationis
662 2883 740 2946 haec
751 2883 818 2946 fere
831 2895 906 2947 sunt
922 2884 1132 2947 documenta.
1169 2887 1275 2949 Primo

239 2992 355 3035 omnes
387 2971 588 3058 grammatici
616 2977 736 3032 veteres
761 2969 903 3033 etiamst
919 2972 1003 3034 inter
1029 2971 1275 3033 coniunctiones

238 3056 448 3140 singulariter
463 3054 618 3132 afferunt,
641 3076 805 3139 unamque
821 3053 960 3118 formam
978 3066 1170 3140 agnoscunt.
1211 3055 1274 3117 Vid.

236 3141 391 3205 Diomed.
419 3165 451 3230 p.
475 3142 551 3204 410.
597 3141 752 3204 Priscian.
779 3145 872 3219 1030,
916 3141 1004 3203 Max.
1036 3140 1162 3203 Victor.
1187 3144 1272 3204 1952.

236 3226 357 3289 Donat.
381 3232 414 3303 2,
439 3227 488 3289 14.
546 3226 672 3290 Deinde
693 3226 755 3288 nisi
779 3223 1049 3314 significationem
1076 3226 1114 3288 ad
1142 3225 1273 3289 aliarum

235 3309 422 3396 linguarum
437 3331 533 3374 usum
552 3311 800 3390 accommodes,
832 3311 960 3375 nullum
982 3309 1128 3373 invenies
1156 3311 1272 3387 locum,

234 3394 355 3480 inquo
376 3394 537 3459 eiusmodi
562 3397 725 3459 distinctio
744 3399 921 3459 necessaria
946 3407 1000 3459 aut
1021 3396 1140 3458 idonea
1166 3395 1272 3459 videa-

233 3490 299 3543 tur.
340 3479 408 3542 Nec
424 3502 499 3545 raro
513 3482 625 3544 etium
639 3479 775 3544 etiamsi
791 3493 822 3544 et
837 3481 975 3544 etiamsi
991 3480 1022 3544 si
1038 3483 1069 3543 in
1088 3502 1154 3542 una
1172 3503 1272 3544 anun-

234 3564 369 3627 tiationc
392 3567 436 3627 ita
457 3566 614 3629 collocata
638 3565 804 3642 videmus,
843 3577 880 3629 ut
902 3567 929 3628 si
957 3567 1115 3629 distractis
1141 3567 1272 3629 vocibus

234 3648 397 3734 duplicem
422 3651 453 3712 si
475 3651 701 3726 admittemus,
735 3651 898 3734 inelegans
925 3662 1019 3735 atque
1052 3653 1133 3714 sileo
1166 3655 1272 3736 inepta

232 3735 337 3798 oratio
364 3738 506 3799 exsistat.
551 3734 640 3797 Tum
665 3756 740 3797 vero
764 3757 834 3798 non
858 3737 979 3799 diversa
1002 3746 1050 3799 est
1074 3737 1160 3799 ratio
1179 3736 1271 3798 huius

232 3821 483 3907 compositionis
500 3821 534 3883 in
552 3821 656 3882 verbis
672 3820 751 3899 etsi,
768 3819 913 3907 quodsi,
926 3822 1067 3899 etenim,
1091 3822 1269 3906 siquidem,

232 3927 315 3991 quae
332 3927 397 3969 uno
415 3915 546 3968 accentu
563 3904 782 3970 continentur.
824 3907 973 3990 Denique
987 3906 1068 3968 nihil
1089 3905 1141 3969 his
1160 3909 1269 3971 omni-

229 3989 291 4054 bus
315 4000 490 4077 repugnat,
523 3989 666 4073 quodsi
690 4001 721 4053 et
750 3992 857 4055 etiem
883 3992 1048 4055 interdum
1077 3993 1268 4058 nominibus

229 4075 436 4175 quibusdam*
451 4074 627 4141 interiectis
656 4064 866 4165 reperiatur,
900 4077 1089 4144 autetiam
1115 4078 1159 4144 ad
1184 4077 1268 4144 aliud
1294 4146 1298 4155 ,
