2618 4770
106 249 177 319 ,414
599 238 673 307 EO.

215 400 300 459 Hand
315 413 381 454 raro
396 394 533 461 omittitur
552 394 583 451 in
596 394 653 449 hoe
676 394 883 465 comparatione
898 414 942 464 ee,
967 396 1042 468 qaori
1054 414 1090 453 ae
1104 416 1163 457 cm

181 486 353 545 schwartzio
376 483 412 536 ad
431 482 611 551 depravatam
633 480 800 535 latinitatem
820 483 991 550 referamne,
1033 486 1094 541 non·
1108 494 1160 542 tarn

182 573 309 641 exempla
322 569 486 637 scriptorum
500 567 575 620 head
590 567 828 636 despiciendorum
842 562 1000 636 declarant,
1014 572 1069 624 ecci
1083 573 1165 627 ctiam

181 660 244 728 ipra
255 656 336 713 ratio.
370 653 503 707 Defendit
519 655 593 705 hanc
607 668 687 704 naum
701 652 827 705 omnibus
841 653 978 706 aetatibua
994 672 1165 711 communem

180 742 361 800 Rulmkeniar
376 739 410 791 ari
425 738 512 791 leutii.
527 739 596 805 Lup.
609 755 635 807 p.
645 735 687 789 l'i.
722 736 781 789 cto.
796 737 830 788 ric
841 736 904 790 Fini.
919 734 1004 804 5,·13,
1020 739 1064 795 ti.
1082 744 1164 797 cario·

181 847 287 898 τωᾳιιο,
314 843 364 896 pac
383 821 552 893 perfectiores
573 824 635 875 rint.
672 820 734 875 Iov.
750 821 776 886 2,
791 819 835 887 tl,
851 818 877 875 5.
903 838 953 890 pao
966 824 1061 895 ploret
1080 834 1162 893 nam,

181 915 269 968 maior
284 912 376 963 caeder
385 909 453 974 fait.
487 906 531 972 25,
546 906 589 973 38,
605 906 649 961 23.
668 925 718 976 pao
734 907 865 959 audaciae
878 914 952 972 crat,
974 909 1066 979 magia
1076 911 1163 979 piacc-

178 1000 234 1052 imt.
268 994 332 1049 Alia
350 992 438 1046 muita
455 991 520 1044 virio
535 992 609 1059 apud
622 991 763 1047 Drakanb.
778 990 814 1043 at
827 989 929 1056 mro,
943 990 970 1045 5.
1008 992 1045 1045 ci.
1068 994 1104 1047 ai
1122 994 1161 1061 29,

180 1082 224 1148 14,
239 1081 266 1134 2.
290 1082 388 1133 Horat.
405 1077 463 1130 Sat.
478 1075 504 1142 1,
518 1075 544 1141 l,
561 1075 604 1129 92.
632 1076 743 1144 deniqne
758 1076 793 1127 cit
803 1076 873 1142 finio
886 1078 1050 1145 quaerendi,
1068 1096 1162 1148 paopaa

178 1168 280 1221 ionicae
295 1165 370 1235 piar,
388 1163 545 1233 pauperiem
558 1168 660 1213 arctoae
674 1161 769 1213 minae.
793 1160 865 1214 Plia.
879 1159 953 1214 Eiet
968 1178 996 1215 n.
1011 1161 1057 1229 24,
1069 1162 1159 1230 14,ss

180 1238 310 1304 octoatate
325 1254 350 1302 ei
364 1249 429 1300 haec
450 1248 563 1299 manime
580 1246 724 1315 nigrescit:
745 1246 854 1310 melior,
879 1263 930 1314 pao
945 1238 1095 1301 candidior.
1120 1246 1158 1314 ii,

183 1335 227 1401 18,
238 1333 280 1388 55.
304 1330 566 1397 ovic.}1er.t‚19.
594 1329 725 1397 Manihi,
741 1329 766 1383 6.
794 1329 1000 1397 Quinctil.8‚3,
1014 1330 1057 1385 16.
1084 1334 1159 1387 cola-

181 1412 258 1473 mell.
275 1418 309 1469 dc
323 1418 366 1470 Re
379 1435 403 1468 r.
420 1414 446 1480 8,
456 1415 499 1480 11,
507 1414 532 1468 9.
551 1414 586 1465 dc
593 1414 692 1466 Arbor.
699 1414 741 1479 10,
756 1413 782 1467 4.
810 1414 909 1467 Senca.
925 1415 1078 1484 Quanti,
1089 1417 1157 1484 2,st

101 1551 106 1560 .
181 1505 219 1559 Et
233 1502 334 1556 omisso
356 1500 424 1554 adeo
447 1499 584 1553 adiectivo
608 1497 670 1552 inv.
686 1497 712 1562 4,
726 1496 769 1564 20,
786 1496 812 1553 6.
837 1498 928 1553 aerati
948 1518 1037 1554 omnm
1058 1511 1083 1556 et
1103 1510 1159 1557 ante

182 1591 251 1644 alim
272 1604 319 1640 rea
337 1586 413 1654 ipae,
441 1603 491 1652 pao
510 1582 625 1654 gravior
649 1589 737 1635 aetate
760 1589 845 1647 erat‚.
861 1582 1023 1651 difficaltate
1043 1587 1102 1641 aiae
1116 1595 1157 1643 eri.

182 1670 294 1729 Curtius
308 1687 417 1738 sempor
433 1668 535 1722 omittit
551 1686 597 1734 eo,
616 1667 724 1738 quando
734 1666 858 1736 sequitur
870 1675 919 1723 aut
928 1662 1071 1739 praecedit
1084 1690 1138 1743 pao.

198 1812 231 1873 9.
260 1802 345 1871 Hinc
369 1800 535 1870 formulae
558 1826 597 1871 eo
623 1799 758 1892 magio,
790 1828 830 1871 eo
854 1800 986 1887 minae,
1023 1808 1155 1897 quaein

113 1892 345 1980 coniungenda·
358 1892 518 1955 sententia
535 1902 705 1977 assumupt
727 1890 929 1983 copulativae
953 1907 1005 1987 et
1028 1920 1106 1985 pne,
1123 1906 1155 1961 ut

112 1982 212 2047 fiant:
235 1990 268 2043 et
285 2001 323 2042 eo
338 1977 473 2064 magio,
497 1998 599 2064 eoqne
613 1998 748 2064 magas,
774 2000 813 2041 eo
857 2000 1016 2049 eminae.
1059 1986 1154 2069 Atque

111 2066 193 2130 haee
211 2064 337 2135 oratio,
360 2084 424 2147 qua
447 2084 500 2125 res
524 2085 585 2151 per
608 2084 756 2127 caussam
781 2084 820 2128 ve
855 2066 919 2153 par
939 2068 1153 2135 conditionem

112 2151 295 2217 distinctius
312 2145 484 2229 definitur,
506 2148 720 2212 continuatur
733 2148 840 2237 vegbie
901 2174 940 2229 a,
957 2150 1112 2241 et‚qrra'‹i,
1126 2164 1154 2219 ct

135 2237 286 2316 aoniam,
302 2245 334 2298 ct
344 2236 385 2314 ai,
403 2245 433 2298 et
449 2245 487 2298 ot
499 2214 771 2329 νἐπῖἶᾝῇ
780 2172 1024 2303 diiiiii'eriom
1039 2240 1152 2341 magia.

10 2372 14 2381 .
54 2263 180 2389 “cited
205 2322 238 2387 ia
259 2321 310 2385 his
333 2320 487 2384 omnibus
517 2314 863 2404 omittitti'i*v'erbum,
887 2318 1154 2409 qiii'fflfftrtmam
1187 2332 1190 2339 '

9 2448 26 2457 ιι
114 2409 240 2473 dictum
257 2416 315 2486 cst,
331 2416 363 2470 et
379 2406 500 2494 copula
514 2405 659 2492 simplex
675 2417 709 2470 et
727 2408 868 2494 ponitur
881 2432 945 2496 pro
963 2423 997 2475 et
1011 2412 1154 2498 quidem:

112 2494 206 2583 quod
230 2494 340 2581 ipsum
368 2492 534 2556 interdum
559 2492 689 2556 dicitur.
739 2492 972 2581 interponitur
996 2492 1154 2562 interdum

112 2580 230 2645 etiam.
281 2574 458 2726 Sogionius
484 2580 655 2666 usurpavit
681 2576 862 2644 formulam
889 2603 952 2646 nec
982 2606 1022 2648 eo
1045 2578 1153 2666 cecina,

111 2665 190 2733 alibi
211 2686 282 2729 non
305 2685 324 2726 ο
350 2664 446 2729 viam.

212 2786 304 2838 Plaut.
322 2783 439 2850 Trin.2‚
454 2784 480 2851 1,
494 2784 537 2841 36.
562 2787 676 2841 eomiii
694 2784 783 2860 magia
805 2783 877 2844 iaici
898 2805 956 2843 cam
975 2763 1061 2861 proba
1075 2791 1155 2865 potiar

179 2889 259 2942 paam
275 2886 334 2921 cam
348 2870 472 2938 improbis
490 2872 577 2924 vicere
592 2873 730 2926 vanidicia.

215 2956 348 3038 Ceionii,
363 2970 389 3024 4.
407 2990 434 3043 p.
447 2970 506 3026 520.
524 2975 596 3029 Alm.
614 2976 720 3039 eadem,
739 2993 805 3044 puae
820 2974 850 3029 in
864 2972 1017 3031 volneribus
1028 2974 1155 3048 praecepi,

178 3061 313 3113 servanda
329 3063 407 3123 rani,
433 3077 462 3111 eo
477 3061 582 3129 magia,
607 3079 656 3129 pao
674 3061 846 3129 periculosior
867 3063 933 3115 imec
948 3081 1016 3133 pare
1033 3066 1154 3131 afficitor.

178 3144 237 3197 cio.
253 3144 287 3197 ad
301 3145 379 3197 Fam.
395 3140 421 3207 ὃ,
439 3142 481 3209 11,
497 3141 523 3195 ¹i.
549 3162 620 3196 nanc
638 3162 699 3197 vero
718 3163 746 3197 eo
761 3147 865 3216 magia,
890 3165 940 3216 pao
955 3153 1036 3199 tanta
1049 3147 1156 3218 penaria

178 3236 217 3280 eat
239 3229 268 3279 in
290 3227 362 3279 omni
379 3228 420 3279 oei
436 3228 543 3280 iteneris
558 3231 599 3281 vei
622 3232 717 3284 aetatia
737 3232 843 3300 grado,
869 3238 900 3284 nt
914 3240 971 3284 tam
987 3233 1054 3286 oria
1071 3233 1156 3286 ciritae

177 3313 246 3366 iniec
261 3319 361 3365 tatoree
378 3314 512 3382 complecti
529 3315 630 3369 debeat.

213 3415 300 3468 Varro
316 3416 349 3468 de
364 3416 444 3485 Ling.
457 3417 506 3469 tat.
522 3415 548 3481 6,
564 3415 589 3469 1.
619 3434 721 3469 caecam
738 3421 811 3468 oetas
827 3434 881 3471 esre
894 3416 1034 3488 significat
1048 3416 1154 3480 Ennius,

176 3501 247 3569 poce
262 3501 318 3553 ait:
339 3520 417 3570 paam
427 3502 510 3554 Prisci
524 3507 576 3555 cte.
594 3519 623 3555 eo
638 3503 727 3571 magis
742 3501 885 3568 Maniliae,
904 3502 974 3571 paeri
986 3504 1044 3554 ait.-
1060 3517 1154 3555 caseon

177 3588 230 3636 etc.
249 3584 307 3637 Cic.
324 3587 358 3638 ad
373 3587 428 3643 Act.
445 3584 529 3650 2,16.
554 3587 578 3638 ei
590 3588 648 3639 olla
663 3604 704 3638 ree
721 3592 773 3649 esc,
792 3604 858 3654 qaae
874 3587 1000 3638 bonoram
1015 3588 1154 3640 animae-

168 3668 345 3722 vehementiae
355 3671 440 3739 pontt
457 3671 609 3734 incendere,
633 3671 697 3723 haec
714 3679 848 3736 recteest,
875 3679 901 3724 et
915 3689 944 3724 eo
959 3673 1067 3742 magis,
1093 3670 1155 3743 parri

171 3755 300 3823 portoriis
321 3754 420 3806 Italiae
440 3755 567 3818 satiato,
597 3771 665 3822 agro
687 3773 815 3826 campano
837 3758 936 3817 dicier,
961 3760 1030 3826 qaod
1044 3756 1154 3829 vectigal

174 3845 293 3905 mpereet
316 3836 497 3903 domesticam,
528 3844 637 3907 praeter
658 3836 829 3894 vicesimam?
863 3843 898 3895 ad
918 3844 997 3895 Fam.
1012 3842 1039 3907 2,
1057 3842 1100 3909 16,
1115 3838 1151 3894 15.

175 3938 214 3974 aa
229 3923 336 3975 coatras
357 3951 392 3962 -
416 3924 480 3992 quin
500 3940 534 3977 ea
555 3941 595 3976 me
617 3943 682 3978 cara
698 3926 918 3980 vehententiseime
932 3929 1070 3992 sollicitet,
1090 3935 1150 3980 etco

173 4007 279 4075 magis,
313 4008 382 4076 puori
405 4009 435 4059 in
456 4011 632 4067 commonibus
659 4012 771 4067 miseriis
800 4012 851 4066 itae
880 4015 1150 4068 iaatamoilectaiar

174 4090 287 4157 operata.
309 4092 345 4149 tii
360 4093 416 4149 Aii.
433 4092 459 4163 9,
473 4094 515 4151 12.
