2618 4770
104 277 195 351 ‚aaa
382 256 618 331 FonTassn.
673 248 922 323 vonvnss1S.

196 396 240 479 'iv
259 421 315 475 nu.
332 417 361 484 a,
376 419 404 472 4.
431 417 582 486 empnam
602 412 659 464 esav
679 412 724 463 vv.
748 411 789 464 u.
811 409 980 463 nemean
1004 412 1114 477 fam·
1131 429 1180 465 m

204 511 284 562 toras
306 505 516 571 ‹luasfcrtasse
565 498 597 551 ln
618 497 663 550 his
686 495 812 548 omnihus
832 492 1018 562 intelligimus
1041 512 1179 548 numeram

204 589 371 646 mnximamr
394 587 539 639 alanum.
574 582 630 633 Sea
644 576 982 647 transmutantur.
999 596 1097 648 nempe
1111 581 1181 633 mals
1211 638 1213 645 ¹

207 678 257 729 iota
268 672 411 743 paullatim
424 669 549 722 narraris
563 667 658 735 agris,
671 669 789 731 tortasse
803 663 926 716 trecentis
942 669 991 716 ant
1005 664 1092 732 etlam
1105 680 1182 734 supra
1210 698 1213 769 4

204 754 500 823 annueram-millltue
510 759 616 804 emtum.
635 749 654 802 i.
671 766 695 801 e.
714 749 749 803 sd
762 745 912 801 minimum.

241 858 332 911 Plant
354 853 414 909 tait.
434 853 461 919 8,
481 854 510 920 2,
525 852 568 907 lt.
600 852 742 906 nam'lttlc
760 855 849 902 noster
876 854 916 902 est
937 851 1064 915 sertam
1086 848 1182 902 sinaites
1211 838 1213 899 i

205 942 357 998 trienninm.

226 1077 277 1140 15.
303 1073 433 1138 ironiam
456 1071 590 1137 inservit
614 1069 695 1134 haec
719 1069 896 1159 particula,
940 1068 1080 1155 quando
1111 1069 1182 1155 quid

140 1172 310 1247 tamquam
319 1156 498 1308 probabile
517 1156 735 1242 proponitur,
752 1154 854 1242 »quod
875 1155 964 1240 ipse,
996 1155 1055 1238 qui
1080 1155 1182 1241 laqui-

140 1256 213 1325 tar,
235 1266 304 1335 non
337 1243 416 1307 nerle
439 1262 652 1339 concessurus
679 1250 739 1337 est.
780 1245 887 1336 sitque
908 1238 1069 1303 adhaeret
1087 1262 1182 1339 quae·

142 1331 220 1395 dam
234 1331 359 1408 nonin,
388 1327 443 1391 ubi
464 1348 601 1391 missum
624 1325 762 1388 facimus
786 1324 840 1403 id,
868 1324 957 1409 quod
984 1323 1072 1388 alter
1096 1326 1182 1404 dixit,

141 1436 211 1480 non
231 1413 436 1479 affirmaturi.
474 1413 540 1493 Qui
558 1432 634 1474 usus
649 1412 772 1476 Latinis
789 1431 863 1472 cum
879 1410 1013 1473 Graecis
1031 1432 1182 1474 commn-

143 1501 195 1579 nis
209 1510 268 1563 est.
292 1499 355 1565 vid.
365 1496 495 1561 Locella
509 1495 548 1558 ad
565 1495 722 1582 Xenoph.
737 1495 858 1644 thes.
876 1518 908 1581 p.
921 1497 994 1558 188.
1022 1495 1182 1562 Sahsefer.

125 1583 185 1651 aad
199 1586 307 1670 Long.
323 1607 357 1671 p.¹
370 1584 445 1647 357.
480 1581 670 1645 Stallbaum.
688 1581 728 1645 ad
744 1582 767 1647 P
782 1591 823 1645 st.
842 1580 947 1664 Gorg.
964 1583 1021 1644 28.

246 1703 304 1757 cie.
320 1703 355 1756 nd
371 1702 448 1753 Fam·
464 1698 547 1763 ²21⁶,
563 1698 605 1750 18.
630 1699 676 1750 secl
697 1715 747 1767 ego
764 1702 883 1764 sortasse
904 1699 1054 1766 vaticinor,
1071 1707 1110 1753 et
1128 1703 1182 1755 iaec

208 1789 298 1841 omnin
319 1785 437 1839 meliores
456 1783 591 1835 hebetant
614 1782 705 1832 eritas.
746 1784 881 1835 Recordcr
903 1785 972 1836 enim
992 1776 1183 1854 dormine

208 1885 314 1931 eoram,
339 1867 384 1934 qui
397 1883 467 1917 sanes
485 1871 561 1919 aaut
584 1866 745 1918 adolescente
764 1884 819 1918 me:
847 1885 889 1918 eos
911 1885 961 1936 ega
977 1870 1104 1932 sortasse
1123 1886 1182 1921 nasa

210 1953 339 2003 imitaret
355 1949 611 2015 utaraetviscitlc.
647 1949 758 2005 Terent.
773 1952 873 2002 Hesut.
888 1949 914 2014 4,
932 1949 959 2014 5,
973 1949 1018 2002 aa.
1047 1969 1094 2005 cn.
1121 1953 1182 2006 Nan

208 2052 318 2108 proruas
332 2034 401 2086 nihil
414 2033 544 2103 intelligo.
569 2050 609 2086 sn.
638 2034 696 2088 Vna
710 2036 804 2088 tardas
818 2052 852 2086 es.
882 2051 927 2088 ca.
951 2035 1088 2088 Fortasse.

245 2136 336 2190 Plaat.
351 2134 425 2188 Asin.
441 2134 467 2199 2,
487 2134 513 2199 4,
528 2134 571 2188 98.
600 2152 756 2203 quamquam
772 2153 821 2206 ega
840 2136 1086 2201 marcelianus,
1109 2138 1182 2206 smgr'

209 2226 299 2275 tamen
314 2237 387 2284 sum,
411 2236 459 2271 nec
477 2227 562 2288 potest
576 2220 704 2288 peculium
721 2222 876 2272 enumerari.
903 2236 951 2274 nn.
976 2218 1113 2273 Fortasse.
1144 2238 1180 2273 ns.

211 2304 372 2357 Etiamnunc
393 2304 465 2355 cliro.-
500 2303 676 2370 Periphanes,
702 2304 796 2357 aava
818 2311 947 2356 mercator
968 2304 1057 2368 dices,
1085 2306 1181 2357 absente

212 2390 275 2443 hera
291 2389 360 2439 solas
373 2387 439 2436 milei
453 2387 580 2437 talentum
597 2389 703 2456 argenti
727 2390 776 2439 sall
799 2386 983 2439 annumeravit
1006 2393 1034 2438 et
1054 2389 1122 2440 milvi
1136 2405 1180 2439 are·

213 2473 298 2532 elidit,
316 2487 397 2537 raeque
411 2471 531 2537 deceptus
548 2471 576 2523 in
592 2487 629 2523 eo.
654 2490 702 2527 nn.
727 2473 857 2525 Fortasse.
890 2471 940 2526 Est
954 2469 1039 2537 idom,
1058 2473 1179 2542 qnadss-

214 2554 315 2625 quitur,
333 2555 407 2606 haud
419 2555 560 2622 negassim.

230 2691 281 2753 16.
311 2688 377 2750 Iam
414 2688 454 2750 de
489 2688 648 2752 infinitivo
659 2688 1029 2777 jyfflhttafflculn
1050 2689 1179 2750 coniun-

147 2771 265 2857 gendo.
297 2761 760 2859 Donatiis‘igiiiv'r'fflerent.
777 2775 855 2839 Hec·
873 2779 946 2853 3,1,
963 2779 1017 2836 33.
1043 2755 1185 2851 Jortasse

147 2862 251 2918 vinam
274 2858 412 2943 aliquod
435 2858 566 2921 verbum
589 2861 678 2922 inter
694 2883 752 2922 eas
777 2860 874 2922 iram·
893 2859 981 2920 haenc
1006 2859 1179 2921 conciverat

147 2941 226 3004 haec
247 2944 426 3005 annotavit:
449 2945 498 3006 aia
521 2944 664 3006 Plantas
674 2942 827 3030 sortasse
849 2954 881 3005 te
898 2965 1018 3005 amare
1032 2945 1180 3029 suspica·

148 3023 234 3089 bare.
276 3024 369 3091 Nam
388 3040 516 3092 ueteres
543 3025 709 3114 infinitiva
734 3029 833 3093 modo
854 3027 1096 3113 aflictagebunt
1109 3029 1179 3118 sar-

148 3122 251 3176 tasse.
304 3113 549 3177 VVesterhovius
578 3113 658 3177 vidit
690 3117 724 3178 in
756 3114 859 3181 Plauti
883 3113 1006 3191 verbis,
1048 3137 1130 3198 quae
1153 3113 1179 3174 in

147 3195 328 3259 comoediis
346 3192 445 3259 hodie
460 3221 528 3261 non
545 3209 686 3276 exstant,
710 3199 918 3261 scribendum
943 3220 1012 3260 esse
1031 3199 1181 3284 crispica-

148 3281 231 3345 ra‘er.
274 3282 317 3345 Et
341 3282 517 3345 Palmerius
533 3286 699 3369 praecepit
722 3283 773 3345 his
800 3284 902 3345 tribus
928 3282 1096 3347 vocabulis
1109 3282 1182 3372 for-

149 3376 259 3442 tasse,
280 3368 425 3444 scilicet,
447 3367 600 3431 videlicet
619 3370 714 3431 solita
737 3367 837 3431 fuisse
857 3367 930 3430 addi
956 3369 1055 3431 verba
1077 3368 1182 3432 infini-

150 3450 225 3512 tiva.
256 3447 306 3513 Cf.
329 3454 418 3515 Parei
442 3455 520 3515 Lex.
541 3454 620 3517 crit.
645 3476 678 3539 p.
696 3457 769 3515 493.
787 3476 815 3517 a.
838 3454 886 3516 Dc
909 3473 975 3539 quo
998 3474 1063 3516 usu
1087 3474 1184 3539 quum

151 3533 311 3618 Georgius
341 3535 503 3600 Fabricius
530 3559 640 3601 rursus
668 3536 902 3615 addubitasset‚
941 3540 1133 3603 Gronovius
1154 3540 1185 3600 in

152 3618 322 3681 Observnt.
340 3625 370 3697 3,
384 3625 414 3683 9.
436 3621 566 3684 doctam
581 3621 725 3685 exhibuit
736 3621 784 3684 rei
801 3622 1141 3702 demonstrationem,
1156 3624 1184 3686 in

152 3726 215 3790 qua
232 3704 314 3767 bene
333 3706 515 3772 observavit
536 3706 805 3770 consuetudinem
829 3717 993 3787 veterum,
1024 3710 1186 3773 tamenin

152 3789 345 3874 explicanda
362 3814 397 3856 ea
410 3791 519 3877 lapsus
536 3802 598 3869 est,
627 3791 715 3876 quod
732 3791 928 3856 infinitivum
945 3794 1187 3860 existimaverat

151 3876 220 3958 regi
241 3899 260 3938 a
281 3877 383 3940 verbo
415 3878 460 3941 sit
489 3877 522 3941 in
545 3872 708 3960 fortassis
738 3877 880 3953 incluso,
917 3877 975 3940 sed
1003 3879 1189 3945 obscurato.

153 3960 222 4022 Alia
238 3961 326 4023 enim
343 3972 391 4024 est
406 3962 490 4025 ratio
510 3962 744 4026 vocabulorum
759 3962 886 4025 scilicet
905 3973 936 4026 ot
955 3963 1134 4047 videlicet,
1157 3966 1188 4027 in

153 4043 269 4134 quibus
283 4043 393 4115 forma
411 4055 443 4111 et
465 4046 511 4114 vis
532 4047 639 4132 verbi,
669 4046 760 4137 quod
778 4033 974 4115 infinitivum
995 4061 1111 4138 regat,
1138 4051 1188 4117 in·
