2618 4770
626 92 631 99 ·
729 84 737 113 Ι

166 209 170 218 ’
216 277 281 340 us
668 212 856 336 muro..¹

285 444 340 480 non
362 429 573 494 oppugnaretur.
614 421 740 476 naeuus
762 420 790 488 o,
811 418 838 486 li,
859 418 904 475 28.
931 422 956 474 ei
975 436 1042 492 ergo
1063 427 1090 476 et
1109 407 1243 493 plliouplir

285 515 401 582 ipsorum
415 510 575 575 consessione
590 509 719 579 adempta
735 506 870 577 sapientia
887 513 925 560 cst
943 510 996 559 etc.
1074 517 1076 522 ·

321 615 413 668 Plaut.
429 613 507 680 Capt.
523 611 549 675 2,
563 609 589 675 3,
607 609 649 662 63.
678 620 745 681 ergo
764 627 843 678 psum
865 610 1092 679 optumescunt,
1110 614 1248 666 nanneten

287 700 388 754 occasio
404 699 543 762 benefacta
560 696 703 748 mmulare.
735 691 956 758 Patron.1o,1.
986 694 1084 747 ostium
1095 697 1163 753 eatis
1175 697 1251 750 audaci
1274 699 1278 706 '

283 784 398 863 spcpitu
412 783 552 851 impulsum
565 779 692 834 casonuit.
729 780 816 844 Quum
834 784 860 831 et
881 778 934 848 ipsi
955 795 1020 848 ergo
1037 781 1140 849 pallidi
1160 800 1251 853 rogam

284 885 358 931 mue,
377 867 436 934 quis
450 874 531 918 essct:
560 866 652 935 aperi,
675 865 775 932 inquit,
803 864 859 917 iam
876 864 950 936 sons.
983 862 1028 931 1¹1,
1042 863 1072 934 8.,
1087 871 1120 919 ot
1136 875 1251 936 crgotm

286 952 442 1005 ambitiosus
455 951 574 1003 detonuit
587 951 687 1013 imber,
705 954 758 1001 ate.
1127 975 1128 978 ¹
1191 972 1193 977 ·
1289 946 1292 951 ’

320 1054 412 1107 eraut.
426 1053 489 1106 Aul.
505 1051 531 1118 4,
553 1051 597 1118 lo,
619 1051 662 1106 25.
689 1068 755 1121 ergo
776 1050 840 1121 quia
861 1068 919 1104 sum
940 1057 1057 1139 tangere
1077 1068 1175 1137 ausus,
1197 1053 1252 1107 tout
1286 1058 1290 1065 '

286 1140 439 1207 causeificor
452 1137 516 1208 quin
530 1155 589 1191 eam
602 1153 654 1208 ego
668 1138 782 1190 taleam
796 1137 972 1206 potissimum.

305 1265 338 1326 8.
365 1260 569 1327 Goercnaius
591 1257 633 1325 ad
656 1260 726 1324 Gic.
749 1259 790 1324 de
813 1257 886 1325 Fin.
905 1264 936 1340 3,
952 1262 984 1333 7,
1003 1262 1056 1328 26.
1086 1257 1154 1324 hoc
1176 1281 1254 1347 pruc-

219 1358 352 1438 ceptum
375 1345 472 1420 fecil,
504 1367 571 1431 quo
593 1346 656 1409 sibi
678 1344 763 1410 nihil
788 1346 909 1410 certius
931 1344 1039 1409 visum
1063 1356 1131 1408 estc
1164 1347 1255 1433 igitur

218 1437 254 1500 in
281 1432 393 1532 quavis
419 1433 699 1517 consequutione,
738 1454 822 1518 ergo
853 1452 925 1496 non
956 1428 1020 1494 nisi
1045 1431 1080 1495 in
1111 1432 1181 1495 eius
1205 1429 1255 1494 fine

217 1541 320 1608 poni,
344 1540 403 1582 nec
425 1517 488 1581 dici
509 1539 610 1603 posse
627 1538 729 1603 qurum
743 1540 838 1604 ergo.
883 1515 984 1596 Quod
1009 1527 1255 1603 utramquenon
1285 1534 1290 1549 ·

200 1626 336 1677 ¹verum
353 1613 420 1684 est,
449 1625 511 1666 neo
536 1602 704 1667 Ciceronis
725 1599 1037 1667 usu-confirmatur.
1081 1603 1169 1669 Nam
1191 1625 1256 1691 erga

160 1686 163 1693 ’
218 1690 254 1755 in
271 1690 410 1754 cuiusvis
428 1687 557 1771 generis
572 1689 832 1774 consequutione
849 1686 960 1751 locum
979 1687 1127 1768 obtinet,
1150 1691 1257 1776 quippe
1293 1758 1296 1765 ,

219 1775 311 1863 quod
328 1771 506 1860 significet:
539 1795 582 1839 ex
595 1773 662 1838 hoc
680 1773 866 1860 colligitur,
894 1795 937 1837 ex
951 1772 1018 1837 hoc
1032 1775 1199 1923 sepuilur,
1220 1785 1258 1838 at·
1279 1804 1282 1811 ·

219 1881 284 1947 que
295 1871 384 1923 reete
395 1859 516 1924 dicitur
532 1882 634 1958 quum
651 1880 746 1946 ergo,
768 1858 959 1946 quia-ergo,
973 1880 1044 1923 non
1097 1860 1160 1924 iter
1174 1881 1259 1947 quum
1290 1858 1293 1863 ’

240 1967 321 2008 uum
335 1944 466 2031 igitur,
490 1944 548 2010 ubi
568 1969 609 2015 ex
626 1967 800 2032 superiore
817 1944 1040 2010 enuntiatione
1061 1945 1125 2010 alia
1141 1947 1260 2032 pendet.

218 1969 318 2096 ilatio
336 2031 425 2094 enirn
442 2041 497 2094 aut
512 2031 604 2095 inre
627 2031 789 2111 cernitur,
824 2051 907 2117 quae
929 2030 1184 2103 conclusionem
1202 2029 1264 2096 fieri
1300 2068 1305 2097 t

220 2116 350 2198 iubeat,
373 2117 474 2202 idque
489 2115 691 2204 significatur
709 2115 816 2182 verbis
832 2138 937 2203 quare
955 2126 987 2182 et
1003 2116 1102 2198 idea,
1125 2127 1160 2191 et
1173 2138 1265 2204 quum
1303 2130 1305 2205 j

218 2199 1266 2291 moduscogitatur,ituque(nosvocamusErklctrungsgrnnd)‚
1301 2208 1305 2291 ζ

222 2297 280 2352 aut
304 2298 436 2352 constat
461 2288 533 2374 ipsa
565 2289 772 2376 cognitione,
811 2283 880 2373 qua'
903 2286 1077 2352 conficitur
1107 2289 1267 2365 conclusio
1302 2316 1305 2327 ·

203 2369 609 2461 (Erkmnmissgrund).
649 2377 835 2461 Vtrumque
849 2395 925 2437 vero
942 2373 1179 2461 complectitur
1194 2397 1268 2461 ergo

219 2481 296 2522 cum
327 2457 567 2541 affirmatione,
601 2469 815 2546 quucertam
844 2482 914 2524 esse
946 2460 1198 2529 conclusionem
1225 2463 1269 2524 in·

220 2544 379 2644 dicamus.
420 2546 522 2632 ‘Haec‘
545 2547 659 2610 omnia
685 2567 765 2612 vero
793 2545 909 2610 miscet
947 2546 1162 2634 quotidianae
1194 2547 1270 2614 vitae

218 2652 342 2697 sermo.
864 2661 871 2669 ·

324 2745 372 2804 Sic
387 2747 474 2802 Varro
490 2745 525 2802 dc
541 2744 622 2820 Ling.
641 2744 690 2803 lar.
714 2743 740 2816 8,
763 2744 806 2803 38.
833 2745 863 2803 in
883 2762 959 2802 mure
980 2752 1005 2802 et
1022 2747 1129 2816 femina
1144 2756 1172 2804 et
1185 2755 1271 2818 neutro

288 2852 371 2905 neque
392 2843 493 2887 natura
517 2853 575 2887 mas
595 2837 710 2901 transit,
748 2852 831 2904 neque
847 2835 969 2901 semina,
997 2851 1079 2902 neque
1102 2843 1218 2889 neutra:
1250 2841 1273 2887 et

285 2921 298 2973 i
306 2922 369 2973 deo
403 2937 456 2971 non
486 2920 583 2972 dicitur
600 2921 736 2985 feminus,
761 2921 883 2987 femina,
914 2920 1062 2984 feminum,
1100 2921 1139 2970 sic
1165 2922 1271 2989 reliquo.

287 3008 304 3058 1
308 3013 319 3057 t
327 3021 414 3073 aque
424 3004 607 3073 singularibus
618 3023 650 3056 ao
658 3006 761 3057 secretis
772 3004 905 3056 vocubulis
915 3003 1046 3071 appellati
1053 3011 1122 3055 sunt.
1164 3005 1273 3070 Quare

287 3091 317 3141 in
332 3090 424 3157 quibus
440 3090 516 3140 rebus
530 3106 583 3141 non
597 3091 683 3142 subest
703 3090 796 3142 similis
810 3096 910 3141 natura
927 3094 976 3140 aut
989 3103 1065 3150 usus,
1096 3080 1186 3139 initis
1199 3083 1272 3140 uaca-

288 3174 357 3224 tulis
367 3172 545 3224 huiuscemodi
554 3170 623 3224 ratio
632 3174 725 3242 quaeri
733 3193 786 3226 nou
796 3175 880 3227 debet.
915 3175 1014 3243 Ergo
1027 3172 1125 3225 dicitur
1136 3180 1167 3223 ut
1183 3174 1273 3226 surdius

285 3258 344 3320 uir,
360 3257 445 3308 surda
460 3259 569 3323 mulier,
588 3258 625 3310 sic
640 3261 749 3311 surdum
763 3256 905 3311 theatrum.

324 3357 382 3411 Cic.
400 3356 434 3409 do
450 3358 511 3411 Fiu.
527 3359 553 3424 1,
569 3360 613 3426 21,
629 3359 671 3414 ⁷1.
699 3360 743 3430 qui
762 3361 896 3430 quantilli
909 3374 1008 3428 parum
1023 3356 1130 3413 uidetur
1146 3362 1271 3425 erudias,

287 3461 320 3497 ea
341 3461 435 3497 caussa
457 3452 510 3509 est,
536 3447 606 3514 quod
627 3448 730 3498 nullam
751 3446 924 3498 eruditionem
946 3462 999 3496 esse
1020 3443 1113 3513 duait,
1136 3447 1193 3497 nisi
1212 3463 1273 3514 quac

287 3529 381 3580 beatae
395 3529 465 3580 uitae
487 3531 655 3598 disciplinam
676 3530 788 3582 iuuaret.
823 3530 867 3578 An
891 3528 936 3578 ille
955 3535 1056 3595 tompus
1071 3536 1119 3580 aut
1141 3530 1173 3580 in
1194 3531 1273 3598 poetis

288 3613 437 3666 euoluendis
450 3639 485 3650 —-
499 3614 682 3666 consumeret?
698 3643 733 3651 —
750 3620 797 3666 aut
812 3630 838 3664 se
853 3613 882 3664 in
896 3613 1017 3675 musicis,
1042 3615 1209 3680 geometria,
1226 3633 1273 3665 nu-

289 3699 383 3763 meris,
400 3699 480 3750 astris
490 3698 653 3749 contereret?
663 3723 698 3733 -
717 3697 774 3747 Eas
785 3715 848 3766 ergo
857 3704 927 3750 ortes
936 3703 1154 3764 persequeretur,
1172 3697 1274 3750 uiuendi

289 3790 375 3835 artem
399 3810 434 3820 -
454 3780 634 3850 relinqueret?
670 3782 730 3832 Nou
754 3799 818 3851 crgo
840 3783 972 3850 Epicurus
994 3780 1159 3845 ineruditus,
1185 3785 1231 3834 sed
1248 3783 1274 3834 tri

287 3868 403 3931 indocti,
427 3865 487 3935 qui,
516 3881 583 3934 quac
606 3882 701 3932 pueros
724 3853 778 3916 non
802 3867 924 3917 didicisse
946 3871 1023 3933 turpe
1045 3872 1098 3930 est,
1125 3882 1158 3916 ea
1178 3873 1273 3933 putam

288 3968 368 4018 usque
384 3951 420 4002 ad
436 3956 592 4002 senectutem
608 3966 661 4000 esse
676 3948 808 4000 discenda.
842 3951 884 3999 De
903 3946 989 4016 priori
1008 3966 1073 4017 crgo
1089 3948 1153 4000 vide
1171 3951 1217 4013 Ν,
1233 3949 1272 4000 l.:

288 4035 406 4087 altorum
430 4033 530 4085 redde:
555 4033 654 4085 sancolt
675 4033 710 4083 ist
725 4034 858 4100 Epicurus
878 4034 998 4085 wirlrliclr
1020 4034 1095 4085 nicht
1117 4035 1272 4086 cinsicntlos.

140 4125 143 4133 “
184 4146 204 4156 --
285 4117 313 4183 5,
330 4117 357 4183 9,
371 4116 415 4171 24.
437 4134 503 4188 crgo
519 4118 591 4171 omni
604 4118 717 4171 animali
730 4118 813 4183 illuri,
834 4118 902 4186 puori
917 4118 1036 4186 appetit,
1061 4118 1176 4186 positum
1188 4126 1231 4195 est
1246 4119 1273 4169 in
