2618 4770
127 289 190 351 684
481 274 796 344 EXTRINSECVS.

192 455 251 492 eum
275 425 438 488 simsustes
467 431 610 496 Romanis,
641 448 720 502 quum
733 429 868 484 'secutate
894 425 1062 492 amicitiaque
1084 424 1167 474 iuncti

193 532 291 587 essent,
309 519 467 573 extrinsecus
480 514 560 567 veuit.
838 520 841 525 ·
1063 511 1066 515 ·

231 621 374 677 columell.
388 620 414 683 1,
433 616 516 682 6,11.
541 617 605 669 hoec
626 617 675 669 etsi
695 615 867 678 extrinsecus,
894 630 948 664 ooo
967 619 1057 665 tameo
1071 610 1168 662 iatera-

195 711 293 781 pestiec
305 707 395 758 videor
410 705 457 755 icoc
471 702 525 754 ioco
539 700 664 754 retulisse.
681 699 700 752 1.
715 717 739 752 o.
758 697 842 752 ulieoi
856 695 974 766 generis.

210 813 242 874 5.
264 805 387 872 Deinde
404 805 554 868 dicuntur
569 825 624 881 eo,
652 823 734 888 quae
749 810 841 864 extra
859 799 967 896 positu
982 807 1080 878 sunt,
1116 795 1168 861 vel

128 896 260 983 quaein
279 903 412 956 externa
429 899 522 977 purte
547 897 701 975 optentur
716 886 809 953 alicui
823 905 882 950 res.
925 882 985 947 Est
1003 883 1072 947 hoc
1089 904 1166 970 ger·

127 980 293 1047 municum
314 973 444 1066 austere.

230 1099 316 1153 Varro
333 1097 366 1148 de
380 1096 412 1149 L.
426 1095 457 1146 L.
472 1092 498 1158 6,
514 1093 541 1144 1.
563 1099 594 1147 ut
614 1092 683 1145 euim
698 1092 809 1158 facilius
828 1091 940 1142 obscura
955 1104 1036 1158 opero
1050 1088 1168 1156 Myrace-

192 1184 259 1239 citu
274 1183 393 1235 exciere
408 1178 611 1240 ocutiuirieaot,
637 1177 792 1229 autminus
815 1176 955 1229 admoueat
972 1174 1070 1243 nigras
1088 1180 1166 1224 setae

197 1268 254 1322 Cic.
272 1267 305 1317 de
315 1261 378 1317 uin.
395 1261 420 1328 6,
436 1261 478 1326 14,
493 1260 534 1313 66.
561 1259 701 1328 quodcum
717 1265 819 1322 tuetur,
843 1265 872 1309 ut
886 1258 918 1310 de
935 1248 989 1309 uite
999 1258 1168 1326 potissimum

196 1356 307 1420 loquor,
325 1358 362 1402 est
376 1349 405 1401 id
418 1347 582 1403 cetriurecus.
600 1342 773 1396 devovere.
787 1342 814 1397 6.
829 1342 924 1395 deiude
939 1358 997 1392 eum
1015 1340 1167 1407 (animum)

196 1433 364 1487 circumdedit
379 1447 483 1499 corpere
501 1437 525 1482 et
545 1428 650 1482 vestivit
669 1428 834 1481 extrincecus.
860 1425 879 1477 i.
896 1442 920 1476 e.
946 1430 1061 1478 externo
1084 1424 1168 1477 vecti-

196 1526 295 1571 mouto.
331 1516 440 1567 Suetou.
459 1515 537 1579 Vesp.
553 1513 595 1564 12.
613 1515 727 1582 adeoque
750 1511 819 1563 nitet
839 1517 1052 1563 aeramentorum
1066 1511 1168 1563 extrin-

157 1632 161 1654 ι
196 1620 268 1655 secui
285 1602 376 1668 cupido
390 1598 523 1666 appetivit.

210 1723 242 1781 6.
272 1717 324 1779 Sic
349 1713 428 1776 odeo
452 1712 589 1797 ponitur
615 1711 656 1775 de
689 1712 856 1798 agentibus
877 1732 941 1798 pro
965 1736 1005 1775 ex
1029 1723 1165 1776 externo

7 1875 11 1884 Ι
128 1804 201 1868 loco
224 1803 290 1864 sive
312 1801 348 1861 ia
368 1809 503 1860 externo
527 1796 607 1859 loeo.
649 1797 746 1882 Apud
765 1800 944 1860 Varronem
962 1798 1046 1861 locis
1061 1799 1164 1863 modo

77 1934 79 1945 .
127 1885 317 1952 memoratis
335 1905 387 1947 res
410 1882 613 1946 extrinsecus
637 1879 792 1945 dicuntur
817 1905 869 1947 res
892 1891 1055 1947 externae.

232 2006 328 2056 Senec.
339 2001 425 2071 Epist.
439 2001 482 2066 33,
496 2001 523 2054 6.
539 2019 585 2054 aec
600 2001 705 2066 dubito,
719 2003 782 2070 quire
795 2002 904 2054 muitum
913 2004 1051 2067 conserant
1059 2003 1167 2054 rudibus

196 2090 282 2142 attur
301 2094 326 2140 et
347 2072 506 2139 extrinsecus
527 2086 742 2138 auscultantibus.
768 2084 787 2136 i.
803 2103 828 2137 e.
847 2082 1013 2152 ἕξωτερικοί.
1047 2086 1081 2136 Ιη
1095 2087 1165 2137 huuc

196 2173 304 2225 modum
327 2170 481 2223 emendarit
503 2170 646 2222 Terruebus
668 2169 796 2222 Varronis
819 2170 906 2221 verbo
933 2170 967 2231 de
988 2169 1019 2221 L.
1036 2170 1069 2221 L.
1094 2168 1120 2234 6,
1140 2169 1165 2220 6.

196 2258 284 2324 itaque
300 2256 397 2308 dicitur
411 2255 510 2321 nuptiis
526 2255 659 2318 cornilius,
686 2255 731 2321 oui
746 2272 874 2307 rumorum
884 2257 958 2319 sert,
983 2254 1013 2305 ire
1035 2273 1087 2323 quo
1104 2255 1165 2323 quiri

197 2341 230 2391 sit
246 2341 273 2389 in
288 2340 431 2391 ministeria
443 2338 561 2406 plerique
577 2339 733 2389 extrinsecus
747 2339 872 2390 nesciunt.

231 2443 293 2491 Huc
309 2440 407 2491 referri
424 2445 511 2508 potest
525 2438 623 2503 etium,
650 2441 720 2508 quod
740 2458 821 2507 supro
843 2440 979 2506 posuimus
1006 2438 1064 2492 cic.
1081 2441 1163 2493 Acuti.

197 2525 223 2586 2,
239 2523 281 2586 24,
299 2522 341 2574 to.
367 2525 411 2591 qui
432 2530 532 2591 regunt
556 2541 607 2574 esse
631 2526 786 2593 quidquam,
812 2527 879 2593 quod
898 2525 1000 2593 percipi
1019 2527 1106 2593 possit
1121 2543 1165 2577 ex-

198 2608 332 2660 trinsecus.
350 2614 379 2658 ut
396 2607 430 2658 sit
447 2609 475 2657 iu
490 2615 595 2658 externo
610 2609 671 2660 loco.

231 2707 338 2775 Apulei.
357 2711 390 2762 de
405 2710 505 2762 Mundo
526 2726 552 2775 p.
567 2709 608 2772 69,
625 2708 666 2760 21.
695 2717 724 2761 ut
746 2709 904 2762 extrinsecus
926 2711 1028 2780 singuli
1049 2715 1165 2766 custodes

195 2794 308 2844 locorum
325 2802 403 2847 eruut
418 2802 443 2846 et
458 2794 584 2845 ianitores
599 2800 623 2844 et
639 2793 771 2844 atrienses.

211 2899 242 2956 7.
264 2893 412 2980 Denique
434 2895 614 2979 opponitur
637 2895 731 2957 intra
748 2904 779 2957 et
795 2895 904 2973 intuo,
925 2895 980 2958 ubi
998 2897 1164 2982 significu-

128 2991 183 3043 tur
201 2989 334 3042 externa
353 3002 427 3065 pars
444 2983 508 3042 sive
524 2980 619 3042 facies
636 2983 683 3044 rei
703 2980 845 3043 alicuius.
888 2980 956 3043 Nos
980 2983 1079 3045 etiem
1106 3009 1166 3048 aaa

129 3061 248 3162 crissen
274 3087 335 3149 pro
361 3062 480 3151 arefieri
506 3063 654 3130 dicimus,
697 3066 808 3129 Celsus
835 3087 874 3128 ex
896 3065 1030 3129 adverso
1054 3070 1167 3154 posuit

127 3162 340 3212 intrensecus,

232 3267 288 3319 Cic.
312 3268 344 3318 de
367 3268 429 3319 uir.
449 3267 474 3332 1,
496 3266 539 3332 24,
561 3267 603 3320 28.
628 3285 704 3336 quum
723 3271 868 3320 columnam
884 3286 993 3322 auream
1008 3300 1044 3310 --
1058 3277 1166 3340 auferre

175 3392 178 3398 .
196 3353 273 3402 ociiet
288 3353 475 3420 «inbueretque,
488 3358 575 3402 uirum
590 3370 621 3403 ea
635 3354 721 3404 solida
736 3361 798 3404 essct
811 3355 1011 3404 auextrircsecue
1028 3357 1167 3422 inaurata,

192 3436 417 3502 perterebrauisce.
455 3436 596 3487 Columell.
612 3436 636 3500 2,
656 3437 681 3499 9,
704 3436 746 3487 13.
775 3440 843 3503 quod
866 3440 1022 3490 extrinsecus
1046 3442 1166 3494 albidum

194 3519 263 3570 intus
278 3519 357 3569 etiam
373 3520 528 3586 conspicitur
541 3522 688 3584 candidum,
704 3520 757 3590 leue
774 3538 805 3572 ae
819 3540 916 3574 aarum
932 3523 1049 3593 intelligi
1064 3527 1151 3580 debet.

230 3621 323 3671 Celsus
348 3618 372 3684 4,
398 3620 422 3671 l.
442 3621 512 3672 iecur
534 3621 688 3673 intrinsecus
709 3639 816 3686 cauum,
844 3625 1000 3676 extrinsecus
1025 3629 1168 3694 gibberum

196 3713 242 3758 est.
277 3704 371 3756 Senec.
388 3705 421 3755 de
436 3705 538 3772 Tronq.
554 3722 595 3756 un.
611 3706 653 3770 lu,
667 3704 693 3757 5.
710 3707 880 3758 reieciemus
898 3709 985 3759 omnia
1001 3727 1083 3777 aeque
1098 3715 1168 3765 levia

195 3808 263 3852 esse,
302 3790 459 3839 extrinsecus
482 3791 598 3841 diversas
618 3790 705 3855 socies
727 3793 867 3857 habentia,
906 3792 1034 3845 introrsus
1062 3798 1169 3862 pariter

194 3893 274 3928 occu.

208 3981 239 4039 8.
263 3975 438 4061 Eutropius
471 3984 502 4037 et
532 3974 588 4059 qui
612 3985 689 4037 sunt
711 3975 796 4040 illius
830 3978 916 4062 ucvi,
958 3980 1171 4049 extrincecus

126 4061 279 4126 <luerunt
299 4084 358 4148 pro
370 4069 574 4145 praeterea.-
594 4056 795 4148 auseerciem.
