2618 4770
221 288 286 349 650
708 273 780 344 Ex.

307 441 357 500 12.
379 434 470 498 Duae
490 442 567 495 stant
586 428 799 516 loqnufioucs
818 454 859 497 ex
880 445 1032 521 tempore
1048 448 1082 501 et
1102 461 1145 501 en·
1160 438 1268 502 inter-

223 520 332 597 uallo,
351 538 492 606 quorum
509 516 588 581 haec
605 516 645 580 de
662 516 737 581 loco
754 519 891 607 proprie
904 532 1062 607 usurpate
1079 523 1119 586 ad
1135 522 1268 610 tempus

223 608 320 671 etium
344 602 541 668 transfertur
563 604 800 667 intermissum.
844 604 901 668 Ex
930 616 1079 693 tempore
1104 630 1175 672 non
1198 630 1266 673 uno

222 712 321 759 sensu
343 691 470 754 dicitur.
510 686 638 752 Iudicat
658 690 747 752 enim
769 690 967 754 madorem
992 716 1060 758 non
1085 716 1268 781 praepare·

223 790 311 859 tam,
334 786 369 839 ut
386 777 428 838 sit
443 774 475 837 id
494 774 583 859 quod
602 774 784 859 extemplo,
813 777 952 856 statim,
974 778 1078 842 modo
1092 803 1164 865 pro
1180 792 1266 845 tem-

217 885 323 951 pore,
351 870 554 936 erenum,
582 857 657 922 need
678 856 805 942 καιρόν,
834 860 874 924 de
897 863 993 927 rebus
1016 868 1164 950 tempori
1189 888 1266 930 con-

220 947 442 1025 venientibus,
464 943 682 1008 modoetiam
699 947 773 1010 sine
791 968 890 1026 cura,
914 949 988 1012 sine
1005 951 1167 1029 consilio:
1191 975 1267 1016 num

220 1034 310 1123 quod
328 1030 611 1125 praeparationem
626 1051 696 1093 non
715 1030 833 1111 habet,
861 1032 918 1096 sed
938 1056 979 1097 ex
992 1040 1160 1121 praesenti
1177 1051 1265 1103 tem-

219 1142 305 1209 pore
320 1118 377 1195 fit,
399 1116 585 1181 destituitur
603 1114 701 1180 etism
717 1118 846 1182 consilii
861 1117 1090 1185 fundamento.

320 1238 382 1293 lais.
396 1236 440 1303 28,
455 1234 499 1302 44,
513 1236 539 1290 8.
564 1239 664 1302 mdiu,
683 1255 750 1306 puae
764 1254 834 1291 nune
847 1256 881 1291 ex
898 1240 1038 1292 interuallo
1054 1260 1108 1294 non
1124 1252 1265 1311 apparent,

285 1326 382 1378 bellum
393 1320 539 1391 aperieti.
562 1338 586 1374 e.
611 1338 627 1373 c
650 1322 922 1392 longinquo.1li‚43,
939 1321 964 1376 6.
988 1333 1128 1394 postquam
1144 1328 1201 1379 ium
1215 1348 1264 1381 non

287 1428 321 1462 ex
333 1408 488 1471 intervallo,
513 1424 559 1458 nee
573 1407 729 1473 missilibus,
755 1409 801 1461 scd
817 1410 931 1462 cominus
943 1410 1088 1479 gerebatur
1102 1429 1162 1477 res,
1180 1442 1216 1451 —
1237 1432 1264 1466 eo

284 1512 367 1563 acque
384 1491 554 1561 pugnabant.

319 1596 376 1649 cic.
394 1594 496 1646 annis.
514 1592 598 1655 4,17.
621 1594 667 1647 ille
688 1595 790 1647 latinus
812 1590 974 1663 ἅττικισμός
993 1616 1026 1650 ex
1052 1598 1199 1650 intervallo
1224 1617 1261 1649 re-

284 1680 442 1753 gustnndus.
469 1678 488 1728 i.
512 1693 536 1729 e.
560 1675 714 1729 intermisso
733 1679 824 1749 nliqno
843 1689 973 1748 tempore.
993 1682 1027 1733 dc
1039 1683 1097 1733 Inv.
1112 1682 1139 1757 1,
1160 1682 1205 1747 28,
1222 1682 1260 1733 tt.

283 1782 351 1835 quae
359 1767 464 1831 factum
479 1760 587 1827 aliquod
600 1762 721 1814 similiter
736 1766 887 1831 confestim,
911 1774 958 1817 eut
973 1784 1007 1817 er
1023 1767 1166 1819 interuallo
1180 1769 1260 1817 solent

283 1847 410 1914 mesqui.
430 1845 449 1896 i.
467 1860 491 1897 e.
517 1836 704 1911 post'uliquod
723 1852 837 1914 tempus.
863 1849 973 1902 Sueten.
991 1851 1086 1902 Claud.
1103 1849 1147 1902 41.
1173 1868 1209 1902 nc
1223 1869 1259 1903 sc-

282 1934 346 1985 dnto
361 1924 478 1999 quidem'
487 1930 601 1981 tumultu
623 1936 769 1996 temperare
789 1933 891 1998 potuit,
919 1936 982 2003 puin
996 1953 1029 1987 ex
1044 1935 1188 1988 interuallo
1202 1935 1259 1986 sub-

282 2016 430 2082 indefecti
442 2015 656 2067 reminisceretur.
674 2014 694 2066 i.
709 2031 733 2068 e.
748 2033 959 2086 nonnumquam.

318 2119 377 2171 cic.
390 2118 425 2169 dc
439 2116 517 2171 (iret.
531 2116 558 2179 2,
574 2115 617 2182 60,
631 2114 691 2171 246.
713 2119 783 2171 illud
796 2122 935 2189 egregium
944 2120 1030 2173 Sextii
1045 2127 1071 2172 et
1085 2138 1120 2172 cx
1135 2128 1258 2191 tempore,

281 2220 378 2259 monus
391 2204 469 2266 loon,
494 2202 593 2269 inquit,
623 2209 647 2253 ct
667 2219 753 2254 coeno.
785 2202 821 2257 ud
840 2204 895 2256 Act.
910 2205 953 2269 lt,
968 2205 993 2256 l.
1025 2223 1091 2272 quae
1108 2213 1140 2256 tu
1161 2208 1257 2258 scelera

279 2290 382 2361 purtim
394 2288 492 2357 parari
507 2288 562 2339 inm
576 2295 601 2339 et
616 2287 746 2355 cogitari,
765 2288 868 2357 partim
882 2306 914 2341 er
925 2297 1039 2356 tempore
1049 2292 1151 2355 futura
1164 2308 1257 2343 censes.

281 2391 308 2443 p.
323 2374 406 2426 Aroh.
421 2371 447 2436 8,
462 2371 503 2424 18.
532 2371 630 2439 quoties
647 2389 696 2440 ego
710 2372 778 2422 bunc
792 2372 864 2435 uidi,
891 2384 970 2439 quum
984 2374 1101 2425 litteram
1115 2376 1258 2443 scripsisset

279 2458 396 2522 nullam,
428 2472 557 2526 magnum
579 2471 715 2505 numerum
744 2456 899 2522 optimorum
920 2475 1041 2510 uersuum
1065 2486 1100 2496 —
1121 2461 1210 2512 dicere
1229 2478 1256 2512 cr

279 2550 404 2611 tempore.
439 2541 549 2592 Sueten.
567 2539 637 2606 Aug.
654 2537 696 2589 98.
711 2536 755 2590 84.

316 2647 375 2699 (iic.
391 2645 425 2695 de
440 2643 493 2695 Off.
508 2641 533 2704 3,
542 2639 618 2704 ttt‘t.
639 2642 716 2692 buius
730 2643 836 2710 generis
848 2649 909 2695 sunt
922 2645 1084 2712 quaestiones
1099 2663 1254 2711 omnesaue,

276 2734 307 2786 iu
321 2732 414 2800 quibus
434 2747 467 2780 cx
486 2735 600 2795 tempore
621 2727 737 2792 officium
752 2727 905 2795 eaquiritur.
934 2729 968 2780 cf.
993 2728 1109 2780 Beierus
1128 2731 1164 2782 ad
1187 2733 1216 2783 lt.
1236 2733 1253 2782 Ι.

278 2816 314 2869 ud
329 2816 383 2866 nst.
399 2813 425 2877 9,
440 2814 465 2867 2.
492 2831 517 2865 n.
544 2829 590 2863 nos
607 2813 708 2876 adbuc,
732 2812 795 2880 quid
808 2812 948 2863 Brundisii
964 2820 1052 2864 amum
1069 2822 1150 2878 essct,
1172 2818 1253 2883 plane

274 2901 458 2953 nesciebamus.
496 2899 581 2962 Quum
592 2896 713 2960 sciemus,
739 2902 795 2947 tum
808 2913 842 2946 ex
856 2913 885 2946 rc
898 2904 923 2948 et
939 2914 969 2947 eo
984 2905 1100 2965 tempore
1116 2902 1253 2951 consilium

275 2987 414 3052 capiemus.
436 2985 469 3035 de
492 2981 546 3034 0ff.
570 2980 597 3044 2,
619 2979 645 3045 s,
668 2978 710 3031 33.
734 2979 783 3031 ulti
801 2979 893 3032 Beier.
929 2981 989 3032 tit.
1010 2982 1113 3035 Duker.
1141 2985 1176 3036 ad
1194 2984 1252 3036 Liv.

273 3069 316 3135 33,
334 3068 360 3132 il,
378 3067 404 3121 8.

308 3154 420 3206 Sueten.
435 3149 499 3202 Tib.
515 3149 557 3202 lt.
578 3155 608 3203 ui
630 3151 767 3218 aliquanto
783 3167 816 3201 ex
836 3156 950 3217 tempore
965 3168 1043 3217 wem
1063 3169 1081 3203 u
1094 3169 1161 3204 curn
1171 3171 1252 3221 prue-

273 3237 552 3293 stantiordtnberetur.
589 3234 701 3286 Sallust.
716 3235 775 3302 lug.
793 3235 835 3298 tt,
852 3234 876 3286 3.
896 3236 1130 3303 igitur'utriusquc
1146 3239 1253 3288 consilio

273 3325 329 3375 dies
347 3320 448 3371 insidiis
463 3320 604 3373 statuitur:
625 3327 710 3369 cetera
723 3319 764 3369 uti
778 3326 962 3385 respueruent,
984 3337 1014 3370 en
1028 3327 1145 3389 tempore
1155 3323 1252 3389 parari

271 3407 381 3475 placuit.
417 3403 506 3455 Lucil.
527 3405 631 3455 Aetnne
649 3401 708 3453 104.
738 3402 824 3468 qualis
842 3419 948 3454 acervus
968 3405 1070 3468 exsilit,
1102 3405 1252 3475 imparibus

269 3491 346 3542 iactis
360 3507 390 3541 er
407 3496 520 3556 tempore
540 3488 619 3540 suuis.

290 3596 340 3655 13.
369 3589 425 3652 Ex
450 3611 553 3676 quum
578 3610 746 3654 excessum
769 3585 967 3673 significaret
988 3591 1075 3653 etin
1103 3613 1250 3678 compo-

203 3679 321 3743 sitione
358 3676 532 3739 verborum
555 3700 639 3740 *rem
678 3673 835 3736 indiceret
866 3686 1014 3737 exactum
1048 3687 1081 3739 et
1105 3675 1249 3753 finitum,

201 3762 366 3828 recentior
391 3783 466 3824 usus
488 3784 608 3825 novem
632 3758 756 3825 invenit
786 3759 1090 3824 denominationem
1116 3785 1249 3840 eorum,

202 3850 259 3935 qui
273 3848 463 3930 magistratu
483 3847 620 3910 abierint
636 3854 689 3908 uut
707 3843 817 3928 aliquo
833 3868 968 3909 munere
986 3845 1153 3931 perfuncti
1171 3848 1249 3912 fue-

200 3935 285 3999 rint:
306 3933 618 4016 dicebanturque'ex
636 3929 789 4010 consule,
814 3953 853 3993 es·
871 3931 1028 4011 (lircibus,
1054 3956 1093 3995 eu
1110 3936 1248 4012 auertite,

202 4020 258 4104 qui
281 4020 379 4083 etiam
401 4017 573 4092 exconsul,
597 4017 724 4098 exdux,
753 4038 901 4079 exeamus
925 4018 1135 4082 vocabantur.
1175 4020 1249 4082 Ex-

204 4104 313 4190 empla
329 4103 403 4171 vide
419 4103 506 4189 eliud
522 4105 704 4170 Gesnerum
724 4125 758 4187 p.
778 4102 852 4165 447.
878 4113 909 4168 ot
929 4127 1010 4190 quue
1031 4105 1131 4170 indes
1147 4105 1249 4173 habet
