2618 4770
196 294 261 359 842
519 274 736 355 ECASTOR.
763 271 918 341 EGERE.
1027 258 1030 265 ’

200 467 240 512 aa
253 452 287 509 et
300 436 493 530 praefigitur
506 433 543 498 in
559 429 756 518 quibusdam
772 427 955 510 vocabulis,
971 424 1255 515 quemadmodum

201 532 303 597 etiam
323 526 383 621 ἤδη
404 519 636 609 componitur,
658 528 691 584 et
704 519 740 582 in
764 516 841 580 alias
864 514 983 580 transit
1007 512 1150 579 formas.
1191 514 1255 593 ¹Ad·

201 619 288 684 iecta
303 612 393 675 euim
409 608 517 672 littera
539 626 582 682 u,
608 600 648 667 fit
672 626 732 685 en,
755 602 851 666 sicuti
876 621 917 665 ex
940 597 1187 665 tumefactum
1210 611 1256 666 eat

204 713 332 773 tamen.
374 694 446 758 Hoc
461 714 504 757 eu
519 710 596 753 oum
612 711 649 753 ce
664 686 927 753 demonstrativo
945 686 1173 766 coniunctum,
1195 684 1257 751 du·

230 786 326 851 licata
341 779 450 849 littera
468 785 567 841 sonat
590 796 675 841 eoce.
721 772 788 839 Sed
809 770 1003 883 praefigitur
1027 770 1110 836 haec
1133 770 1256 859 syllaba

204 894 242 938 ιιι
264 866 387 955 triplici
410 862 589 928 nominum
612 881 741 949 genere.
790 860 877 923 uam
900 857 936 921 iu
958 856 1071 943 primo
1093 855 1257 943 significa·

207 968 282 1021 tum
312 950 455 1018 intendit
487 946 632 1033 quadam
662 944 923 1024 monstratione,
966 941 1069 1009 veluti
1091 943 1130 1006 in
1159 943 1256 1027 euim,

208 1039 300 1131 quod
316 1046 364 1102 est
387 1057 405 1099 e
420 1054 522 1114 uum,
551 1041 585 1101 et
606 1033 642 1096 in
660 1055 678 1098 e
701 1029 835 1095 uidem.-
868 1047 977 1114 neque
992 1026 1086 1093 aliter
1101 1028 1139 1093 iu
1155 1029 1257 1095 iuter-

208 1122 405 1195 iectionibus
421 1120 521 1200 eheu,
545 1118 650 1183 ehem.
680 1056 733 1183 lh
748 1114 851 1180 altero
875 1123 986 1210 autem
1002 1134 1143 1197 genere,
1162 1134 1254 1212 uoca-

209 1214 281 1279 tiro
304 1232 322 1275 a
349 1207 471 1293 posita,
505 1204 664 1291 exprimit
708 1200 958 1269 revocationem
973 1220 1008 1262 m
1026 1199 1253 1267 obtestationes

209 1296 299 1362 unde
320 1231 405 1356 hunt
428 1300 579 1373 ecastor,
608 1312 701 1376 epo,
731 1285 901 1375 equitiae,
923 1284 1040 1364 eiuras,
1062 1307 1176 1368 ecere,
1195 1284 1269 1356 eali..

210 1380 318 1449 Tertii
332 1386 410 1442 sant
425 1374 574 1463 generis,
599 1375 636 1439 in
659 1394 725 1460 quo
748 1396 787 1454 e,
812 1381 851 1436 ut
874 1390 1030 1459 graecum
1050 1365 1089 1452 ἤ,
1115 1371 1253 1447 interro-

235 1465 339 1533 ationi
353 1461 499 1539 inservit,
515 1460 636 1546 ecquis,
651 1456 838 1546 coquenda,
857 1457 881 1525 i.
897 1479 925 1521 s.
941 1455 1063 1544 e-quis,
1078 1457 1252 1544 equando.
1292 1520 1298 1529 ,

212 1492 282 1635 {ed
304 1550 360 1614 illa
382 1569 400 1628 e
425 1543 653 1621 affirmationis
678 1554 711 1615 et
734 1542 980 1623 obtestationis,
1013 1541 1254 1631 oui—respondet
1294 1600 1298 1615 .

214 1660 259 1717 ex
271 1626 367 1725 parte
381 1651 536 1719 graecum
555 1626 613 1712 νή,
635 1630 788 1695 assumsit
806 1650 842 1693 m
862 1627 1027 1709 litteram,
1047 1638 1086 1691 ut
1100 1638 1188 1693 esset
1196 1651 1254 1713 rus,
1296 1642 1298 1686 τ

215 1741 365 1812 quocum
381 1736 572 1803 comparare
583 1736 761 1803 possumus
777 1734 932 1819 graecum
947 1707 999 1803 pai,
1032 1710 1256 1797 Itodicebatur
1295 1710 1298 1743 ²

215 1806 275 1875 edi
295 1796 331 1869 et
351 1800 463 1881 medi,
492 1800 582 1886 quod
604 1823 645 1881 ex
666 1800 816 1882 Titiunro
842 1796 938 1878 allert
954 1797 1123 1873 Charisius
1141 1804 1257 1887 P·''1⁸³›

217 1880 252 1964 'ot
267 1897 454 1962 mecastor,
476 1885 680 1963 mehercule,
710 1884 842 1965 euodius
855 1880 989 1971 fidius,
1020 1883 1090 1963 vel,
1119 1896 1159 1950 ut
1181 1886 1257 1975 apud

219 1974 409 2043 Charisium
425 1970 637 2036 scribendum
646 2019 657 2052 ,
669 1967 871 2057 medificlie.
911 1970 981 2055 Nec
995 1967 1086 2035 deest
1100 1971 1256 2061 analogia:

217 2082 300 2139 nam
317 2056 486 2141 dicebatur
501 2057 617 2123 Aucus
633 2067 666 2123 et
682 2056 835 2147 Murcus,
852 2065 945 2136 etex
962 2052 1032 2140 ἄρες
1043 2055 1159 2143 Mers,
1173 2058 1258 2145 ⁸ll¹¹¹l

218 2147 320 2247 puers
341 2165 383 2210 ex
400 2138 495 2241 laets·
1188 2212 1206 2241 Ι.

323 2261 386 2327 Nou
400 2278 503 2332 operae
517 2261 638 2332 pretium
654 2268 737 2329 puto,
763 2262 910 2319 sententias
925 2278 1020 2317 omues
1034 2260 1259 2331 viromd'qcbrv

287 2364 366 2414 ram,
383 2363 533 2416 magnaeus
548 2354 628 2415 parte
641 2346 854 2416 improbabiles,
871 2348 985 2402 referre.
1019 2346 1081 2402 Vid.
1098 2346 1190 2403 bassii
1201 2348 1260 2420 Itys

287 2434 391 2502 molog.
416 2450 439 2487 s.
456 2448 483 2485 v.
506 2432 608 2486 medius
622 2433 718 2497 fidius.
759 2432 822 2490 Hoc
836 2448 920 2489 uuum
937 2432 1045 2485 addam.
1082 2433 1196 2489 Veteres
1214 2431 1262 2503 ipsi

287 2518 456 2588 ignorabant
465 2515 603 2584 originem
614 2515 740 2570 dictionis
753 2518 907 2582 mehercule,
921 2525 1059 2583 mecastor,
1076 2523 1104 2571 at
1114 2517 1261 2589 mmogiau

289 2617 411 2671 graecae
432 2599 559 2655 dictionis
577 2617 632 2662 nou
651 2599 843 2668 respicientes,
868 2618 910 2655 asa
932 2619 992 2654 esse
1012 2601 1196 2671 opinabuntur
1208 2618 1280 2673 pro·¹

288 2703 389 2753 pomeu
404 2690 432 2751 ot
450 2703 535 2756 quum
551 2687 638 2739 semel
651 2685 827 2754 grammatici
842 2684 997 2748 docuissent
1010 2703 1120 2749 sensum
1134 2704 1210 2754 essa,
1224 2702 1262 2739 ma

290 2769 370 2824 iuvet
384 2770 537 2837 Hercules,
552 2770 681 2840 plurimi,
707 2776 738 2823 ut
754 2770 881 2836 ridetur,
908 2769 1037 2838 dicebant
1051 2772 1209 2827 mehercules
1221 2786 1264 2841 pra

291 2853 478 2925 aominativo,
499 2870 665 2924 quamquam
687 2871 721 2908 ea
738 2861 799 2908 erat
817 2853 940 2907 vocativi
955 2856 1045 2911 forma
1061 2854 1264 2925 commuab,ia

291 2939 347 2994 hoc
363 2938 474 3009 quidem
487 2955 538 2992 usu
551 2955 569 2993 a
584 2937 718 3009 cicerone
738 2939 815 3012 Orat.
828 2938 872 3006 47,
885 2938 942 3011 lbi.
959 2956 1013 2994 uon
1027 2940 1154 3015 probata.

306 3074 476 3142 Ecas‘rou
506 3085 538 3140 et
569 3074 698 3163 reliqua
728 3075 970 3163 usurpabantur
997 3077 1033 3140 in
1057 3076 1267 3142 obtestatione

227 3159 459 3248 qualicumque
472 3159 548 3243 ita,
583 3171 622 3226 ut
643 3162 782 3225 omnino
805 3160 948 3228 veritatis
974 3161 1026 3226 vel
1051 3161 1268 3229 admirationis

225 3268 339 3318 sensus
394 3244 646 3332 exprimeretur.
720 3247 830 3325 Quare
877 3249 1085 3335 grammatici
1127 3246 1270 3315 adverbia

226 3331 390 3394 vocabant
415 3331 494 3396 haec
524 3333 671 3397 nomina.
726 3332 857 3396 'samen
881 3343 1019 3403 narrant
1048 3332 1221 3405 Charisius
1245 3340 1272 3396 et

155 3428 158 3433 ’
230 3415 357 3480 Gellius
375 3420 426 3492 11,
442 3421 472 3480 6.
493 3415 656 3481 foeminas
680 3437 812 3503 semper
832 3429 975 3497 ecastor,
997 3419 1086 3483 viros
1104 3417 1272 3494 mehercle,

228 3511 389 3584 utrosque
413 3501 533 3587 eclepol
554 3502 693 3574 dixisse:
717 3502 808 3586 quod
848 3524 929 3569 uum
951 3504 986 3566 in
1007 3504 1115 3575 Plauti
1141 3516 1176 3569 et
1199 3505 1273 3570 alio-

227 3606 305 3650 rum
329 3585 412 3648 locis
435 3609 505 3650 non
529 3588 638 3673 paucis
662 3586 755 3650 aliter
778 3608 813 3651 se
854 3587 956 3660 ,abero
982 3590 1087 3654 critici
1111 3589 1272 3660 vidissent.

230 3673 477 3736 excusationem
492 3673 527 3735 in
545 3693 584 3735 eo
601 3672 817 3757 quaerebant,
842 3673 931 3757 quod
950 3696 1018 3738 nou
1033 3675 1203 3755 Romani,
1225 3671 1273 3739 sed

224 3758 414 3843 peregrini,
448 3767 502 3820 aut
530 3756 578 3820 illi
601 3757 634 3819 in
660 3757 756 3820 terris
812 3760 969 3843 eregrinis
991 3761 1121 3848 loquuti
1144 3760 1274 3827 fuissent

231 3840 448 3926 (Ramshorn.
469 3844 583 3906 Gram.
598 3846 651 3906 98.
668 3780 819 3942 P²294⁰l²
843 3843 902 3909 sed
915 3844 1047 3921 frustra.
1077 3847 1163 3910 Nam
1181 3848 1273 3921 idem,

231 3926 324 4011 quod
339 3948 400 3992 usu
420 3927 481 3991 sibi
497 3927 704 4005 vindicarunt
718 3928 890 4010 muheres,
912 3952 982 4006 non
997 3932 1085 3996 viros
1103 3931 1275 3997 dedecebat

230 4032 399 4099 usurpare.
439 4010 620 4079 Enimvero
640 4013 677 4077 iu
716 4032 900 4102 uocumque
923 4018 1163 4082 asseveratione
1179 4015 1274 4105 poni·

232 4107 290 4175 tur
315 4107 449 4177 ecastor
477 4098 545 4166 sire
573 4098 609 4186 ia
720 4099 749 4167 ‘a
781 4102 962 4185 sententia,
999 4103 1142 4171 eiusab
1172 4094 1273 4170 initio.
