2618 4770
114 280 179 349 374
421 233 423 237 ’
583 262 709 333 sicin.

120 431 238 525 ptos.
251 427 291 497 B.
320 421 498 513 Exempla,
513 424 598 523 quac
606 418 715 486 adhuc
730 426 871 502 exstant,
884 416 986 489 Ennii
995 428 1029 486 et
1036 419 1170 491 aliorum

123 518 331 605 collegerunt
346 510 498 576 Gitaniua
520 532 556 574 rn
580 507 719 574 collect.
734 507 867 572 Lucret.
889 530 925 595 p.
942 510 998 573 81.
1031 508 1164 575 laureu-
1185 536 1210 591 ,·

123 604 256 690 bergius
272 602 308 666 in
324 596 496 682 Antiquar.
519 618 553 694 p.
571 594 646 660 158.
679 603 713 657 et
736 592 789 657 clii
805 591 995 658 lonicorum
1019 605 1160 679 auctores.

124 690 192 757 Sed
215 688 314 752 etiam
339 681 425 747 indo
450 690 483 746 ct
514 678 600 745 sudu
635 679 671 743 in
700 699 761 742 usu
790 689 893 743 erant.
956 679 1045 743 Nam
1067 678 1158 745 Festus

125 784 239 844 narrat
260 769 343 835 olim
365 768 492 832 dictum
517 787 587 830 esse
609 762 817 841 industrius,
844 775 878 830 et
898 764 1035 830 Lucret.
1054 770 1082 843 1,
1103 767 1158 833 stt.

126 854 345 946 indupedita.
361 857 415 919 88.
430 848 639 941 indugredi:
661 871 864 939 quamquam
880 847 1035 943 Gifpnius
1051 850 1158 917 desite-

126 957 180 1015 rat
196 944 265 1017 anti
289 962 332 1009 uc
347 939 547 1005 testimonia.
589 936 663 1003 Hoc
679 937 800 1007 iterum
821 935 1014 1001 mutabatur
1032 936 1068 1005 in
1087 936 1159 1013 iudi:

128 1030 218 1103 unde
233 965 311 1093 inii
338 1047 416 1097 ena,
458 1020 544 1089 Nam
560 1021 596 1086 in
613 1022 728 1115 Cypro
752 1031 785 1086 et
808 1020 844 1086 iu
859 1021 958 1087 Creta
982 1020 1130 1093 dixerunt
1138 1022 1160 1095 11

122 1112 163 1187 'ct
184 1116 282 1183 ἔνδον.
307 1048 462 1176 11111111
479 1107 741 1197 0111111111.
759 1105 934 1177 1111111111.
953 1105 976 1172 1.
992 1106 1017 1173 1.
1052 1192 1057 1201 Ι
1129 1160 1132 1165 .

210 1229 469 1321 Praepositionis
486 1226 682 1317 significatio
700 1226 736 1291 in
750 1224 813 1290 hac
830 1222 945 1291 forma
967 1246 1034 1294 una
1054 1227 1160 1301 videtur
1195 1300 1199 1319 Ι

129 1319 232 1395 fuisse
245 1318 371 1392 locetis.
412 1316 518 1389 Pauca
543 1323 620 1378 aunt
640 1311 793 1399 exempla
810 1311 1002 1394 accusativi,
1034 1324 1072 1377 ut
1093 1314 1160 1403 apud

131 1406 277 1472 Gellium
286 1408 338 1479 20,
349 1409 376 1467 1.
395 1400 565 1467 custodies
576 1397 797 1464 ctendoemi.
807 1397 984 1463 cineumt
999 1420 1079 1464 nam
1090 1396 1161 1487 quad

131 1512 176 1557 cx
192 1492 260 1556 Cic.
276 1489 318 1553 de
334 1487 411 1574 Leg.
428 1493 460 1567 2,
479 1491 510 1551 8.
535 1483 689 1549 affertur:
714 1505 795 1570 quos
810 1481 898 1547 eudo
910 1483 1043 1549 coelum
1056 1485 1160 1551 nanu

131 1578 343 1649 vocaverunt.
367 1571 470 1635 critici
484 1569 666 1635 secundum
680 1568 841 1633 Lactantii
857 1570 1088 1635 testimonium
1100 1593 1160 1635 cor·

130 1670 290 1729 rexerunt
303 1657 390 1722 cudo
406 1656 498 1720 coelo
513 1654 640 1720 merito
656 1655 864 1723 locaverunt.
904 1656 1071 1721 Ausonius
1084 1654 1161 1744 ldytt.

134 1752 187 1815 12.
210 1747 395 1810 Grammat.
413 1745 465 1805 18.
489 1740 577 1807 eudo
591 1762 691 1804 suum
706 1739 761 1804 do.
793 1738 998 1826 quodetiam
1017 1741 1161 1807 Charisius

159 1832 261 1897 .249.
284 1850 325 1892 ex
335 1829 471 1913 antiquo
488 1827 651 1913 scriptore
668 1824 774 1891 habet.
816 1825 934 1913 Neque
947 1828 983 1891 in
998 1827 1070 1893 ullo
1083 1848 1161 1895 vocc-

132 1855 213 1979 [ulo
244 1914 431 2001 composito
461 1912 621 2000 porticula
648 1912 717 1976 vim
748 1910 943 2000 privativam
966 1912 1081 1981 hebet.
1112 1910 1161 1983 111.

134 1999 329 2075 8111111111ῐὶ
353 2001 466 2069 Gram.
490 1997 533 2069 Τ.
548 1996 574 2063 Ι.
601 2020 636 2093 p.
654 1997 753 2065 568.·

558 2218 743 2311 ENIM.
844 2169 847 2173 ’

219 2403 331 2487 Quam
347 2401 478 2472 difficile
494 2416 578 2471 esset
593 2402 832 2470 vocabulorum
846 2400 929 2469 fines
947 2413 981 2471 ct
995 2400 1168 2469 discrimina

136 2493 358 2573 constituere,
391 2491 598 2580 grammatici
619 2491 766 2555 maxime
789 2492 823 2555 in
850 2484 1020 2588 particulis
1042 2497 1169 2558 11111111

135 2593 213 2642 utu
235 2577 361 2664 experti
387 2586 474 2641 sunt.
525 2577 611 2641 Nam
643 2599 661 2640 c
692 2574 782 2640 falsis
813 2576 983 2663 pr1ncipiis
1015 2574 1170 2641 doctrinae

136 2662 265 2742 exorsi,
289 2684 362 2726 cam
386 2661 428 2726 ad
451 2661 622 2750 opiniones
643 2657 868 2744 deduxerunt,
901 2682 983 2750 quae
1001 2683 1064 2725 nec
1078 2661 1171 2727 ratic·

134 2745 233 2811 nibus
255 2747 415 2828 stabiliri,
458 2770 519 2812 nec
548 2768 623 2812 cum
650 2740 741 2812 vario
766 2747 895 2834 liuguae
923 2767 987 2812 usu
1015 2742 1172 2813 conciliari

133 2841 299 2920 poteraut.
342 2833 466 2897 Dicunt
480 2832 569 2897 euim
583 2832 634 2896 his
651 2831 815 2920 particulis
833 2830 1010 2918 significari
1025 2854 1173 2911 caussam,

134 2917 194 2981 sed
208 2940 270 3004 per
284 2941 368 2983 num
391 2918 466 2982 addi
487 2919 622 2983 rationis
639 2919 883 3004 expositionem
900 2921 1004 3006 magis
1023 2928 1174 2997 exactam,

61 3022 65 3033 ’
134 3003 259 3094 inqua
290 3005 446 3075 Germani
473 3024 553 3070 voce
576 3004 723 3069 nemliclc
753 3014 903 3086 utantur,
942 3026 1007 3153 per
1029 3000 1176 3069 encm'rei

135 3108 284 3161 caussam
306 3089 480 3170 declarari,
519 3111 583 3239 gua
611 3092 740 3177 cognita
765 3112 817 3153 res
845 3099 920 3154 ante
965 3092 1029 3154 icta
1057 3096 1177 3154 constet

136 3182 193 3242 aut
204 3175 356 3261 cognosci
373 3176 488 3262 poscit.
547 3175 593 3251 ic,
609 3186 647 3239 ut
662 3198 765 3246 unum
784 3184 815 3237 et
833 3175 1053 3240 novissimum
1067 3184 1176 3239 aucto·

133 3278 208 3328 rem
227 3260 419 3342 nominem,
448 3198 691 3331 ilamshornius
713 3285 747 3348 p.
763 3259 837 3325 845.
868 3263 1057 3348 praecepit,
1087 3280 1178 3347 quam

135 3343 285 3429 sequitur
308 3346 406 3413 stiam
424 3347 510 3442 Aug.
531 3345 755 3411 Grotefendus
781 3369 815 3433 p.
843 3348 915 3412 175.
959 3346 1001 3410 At
1022 3368 1094 3411 non
1114 3346 1179 3434 ipsa

136 3449 249 3492 caussa
267 3429 433 3495 indicatur
454 3429 506 3496 his
531 3431 717 3512 vocabulis,
745 3429 803 3495 sed
817 3432 934 3496 veritas
954 3431 1092 3496 alicuius
1109 3452 1180 3497 seu·

135 3515 256 3579 tentiae
284 3537 326 3580 ex
362 3515 498 3582 veritate
532 3517 612 3581 alius
642 3519 820 3580 sententiae
852 3516 1118 3599 demonstratur,
1150 3524 1179 3581 ct

135 3619 240 3686 quum
264 3602 457 3688 praesertim
483 3623 526 3668 ex
551 3603 670 3671 caussis
700 3602 900 3689 intelligatur
926 3624 1041 3668 rerum
1071 3602 1180 3670 1111111

136 3694 169 3753 et
185 3685 291 3767 ratic,
313 3687 367 3769 id,
395 3687 485 3773 quod
497 3709 559 3775 per
573 3688 664 3752 euim
682 3697 715 3752 et
733 3711 818 3753 nam
840 3688 1008 3770 adiicitur,
1030 3686 1181 3777 saepe'in

136 3791 172 3838 se
195 3769 295 3839 habet
321 3795 478 3839 caussam.
528 3772 624 3837 Haud
646 3797 724 3839 raro
747 3785 860 3838 tamen
882 3798 963 3845 nom
986 3772 1181 3854 transiticui,

135 3855 227 3923 enim
243 3858 457 3944 explicationi
475 3859 655 3927 inserviunt
672 3861 715 3923 111
725 3908 737 3941 ,,
772 3871 809 3922 ut
827 3882 955 3925 caussae
971 3862 1067 3925 notio
1084 3880 1181 3949 pror-

135 3962 189 4006 sus
208 3942 302 4006 absit.
332 3944 460 4028 'Neque
475 3964 554 4006 vero
576 3944 673 4023 illud,
697 3946 789 4032 qu'od
812 3946 863 4009 his
888 3947 1059 4034 particulis
1075 3966 1180 4034 gram-

134 4028 245 4092 matici
269 4028 329 4091 assi
354 4039 435 4091 nant
458 4028 632 4097 discrimen
662 4033 696 4094 in
720 4032 867 4119 ipsarum
890 4043 1008 4098 natura
1030 4033 1180 4107 cernitur,

134 4134 243 4203 neque
269 4134 333 4179 con
376 4125 484 4206 matur
512 4136 576 4183 usu
609 4119 812 4211 scriptorum
833 4127 994 4188 veterum.
1041 4117 1182 4187 suumn

1 4236 127 4353 deustis
147 4280 173 4323 μ
195 4238 308 4358 [γέν]
333 4236 459 4315 '‘dur-si·-
503 4254 561 4311 (1¹¹.
576 4242 605 4323 d,
621 4269 725 4354 ptuit,
745 4244 853 4363 (ispo,
872 4282 899 4313 tc
923 4231 1087 4348 30¹2„th

25 4360 45 4393 vt
77 4341 174 4407 ..,..t·..,
204 4345 349 4459 Wuttjcs
385 4352 563 4463 MMU?
589 4358 662 4437 pl&
714 4367 771 4443 s⁶
799 4355 882 4415 ΓΝ
905 4363 1070 4459 testatam
