2618 4770
577 278 650 349 nn.
1080 292 1232 379 sup¹

159 441 246 499 Plsnt.
263 436 347 495 llost
365 435 399 503 8,
414 434 448 502 1,
461 432 505 491 tt.
523 433 607 489 etism
620 436 731 502 fatetur
747 435 781 489 ds
802 434 913 509 bospite.
947 424 1061 495 Selium
1078 442 1140 499 cat.

157 527 205 593 41,
214 525 241 580 4.
260 524 346 577 multa
361 523 439 593 prins
454 522 487 575 de
500 520 588 574 salute
600 536 651 573 suo
666 520 818 575 Pomtinnm
839 526 993 578 obtestatus.
1029 525 1087 580 (lic.
1103 525 1140 579 ed

158 612 230 667 Fam.
243 608 280 675 l,
294 606 328 675 9,
345 607 372 661 3.
391 610 421 661 in
436 606 509 659 omni
529 604 633 659 notione
648 604 728 674 atius
743 607 976 661 administratione
1000 609 1066 679 reip.
1083 610 1139 678 sio·

159 695 312 758 scissemus,
329 693 363 745 ds
379 690 586 763 monasteriam
599 690 721 759 equidem
739 693 834 761 paullo
851 699 929 764 post,
947 691 993 763 qni
1010 694 1046 745 sit
1067 710 1140 747 meus

160 796 241 835 ussus
260 784 287 831 ct
305 784 400 831 status
431 776 540 831 csend.
557 774 672 840 Doti,
689 774 715 829 1.
750 776 865 831 Scismos
881 805 918 817 -
945 778 979 831 de
995 778 1141 844 desectione

154 864 233 937 ,stris
252 863 360 917 detulit.
394 859 531 915 Similiter
551 860 585 915 de
603 860 698 931 eliqua
719 878 748 914 re
766 860 889 931 polliceri
910 860 975 917 Isis.
995 861 1030 929 1,
1044 861 1096 931 41,
1110 862 1138 918 i.

160 948 211 1003 tte.
233 965 262 1017 p.
277 947 374 1001 Plane.
390 944 515 1012 41,101.

182 1052 251 1109 ¹llne
266 1049 406 1128 pertinent
421 1048 507 1109 stiam
519 1049 608 1103 verbe
617 1042 771 1113 dissentire,
789 1048 926 1101 assentire.
953 1046 1012 1102 cic.
1020 1047 1094 1102 Phil.
1107 1047 1136 1115 2,

130 1196 134 1207 ,
154 1134 202 1203 li,
215 1135 261 1190 19.
287 1137 321 1189 dc
334 1152 438 1188 summa
459 1152 490 1187 re
512 1134 700 1188 dissentientes.
718 1131 767 1185 ubi
785 1130 840 1185 vid.
859 1132 992 1187 Gereton.
1010 1134 1072 1187 Liv.
1090 1120 1144 1200 19,

155 1220 203 1288 D,
217 1220 244 1273 1.
267 1221 301 1273 de
317 1220 410 1272 emeris
425 1219 547 1272 Monimo
565 1236 703 1283 essemus,
722 1218 755 1271 dc
772 1217 904 1286 Scipionis
920 1237 1015 1273 caussa
1035 1221 1138 1274 diesem

126 1366 133 1383 ‚
154 1308 196 1363 tit.
230 1307 365 1360 Dubitare
380 1304 413 1357 de
427 1305 520 1373 alique
534 1320 564 1356 re
581 1301 639 1356 cic.
655 1303 691 1356 nd
704 1303 784 1371 Eum.
799 1300 953 1369 e,1o‚15.

169 1464 202 1527 i.
230 1455 342 1523 Verba
367 1454 472 1521 active
492 1450 673 1538 sentiendi,
700 1454 886 1538 iudicandi,
906 1456 1140 1545 cognoscendi,

166 1544 278 1611 ulnndi
298 1552 332 1607 et
359 1542 441 1622 olis,
474 1564 559 1629 quse
581 1541 654 1607 fere
675 1543 897 1608 accusativum
927 1565 1040 1608 secum
1073 1544 1138 1609 he·

156 1642 187 1715 t,
211 1639 467 1715 componuntur
486 1650 561 1711 eum
576 1628 901 1721 praepositionem,
948 1651 1009 1694 uae
1027 1641 1137 1694 mote-

109 1720 173 1785 rism
193 1714 374 1807 significet,
405 1716 589 1778 accusativo
611 1736 680 1778 non
698 1716 880 1803 opposito.
909 1652 947 1778 ll
970 1717 1135 1802 imprimis

109 1814 161 1871 lem
174 1802 229 1885 fit,
248 1822 353 1890 quum
372 1820 424 1862 res
438 1821 510 1863 non
530 1809 599 1864 tote
623 1801 724 1864 simul
745 1798 1060 1889 comprehenditur,
1078 1800 1137 1866 sed

109 1900 247 1955 mmetur
261 1911 296 1952 sc
324 1886 441 1949 arctim
481 1906 517 1949 er
531 1886 675 1974 singulos
690 1897 815 1975 postest
833 1887 924 1972 quod
940 1886 1017 1952 alies
1030 1888 1138 1953 circo.
1208 1912 1211 1919 ’

109 1974 149 2043 Gi.
161 1974 256 2041 lleld.
274 1910 320 2039 ed
333 1972 425 2035 caes.
440 1908 479 2034 li
497 1972 558 2037 civ.
577 1980 614 2048 1,
632 1978 685 2037 82.
720 1972 879 2037 Similiter
893 1973 992 2037 verba
1008 1984 1137 2038 neutra.

109 2062 272 2151 Hemogius
307 2058 349 2124 ed
382 2057 514 2121 Sallust.
550 2058 620 2121 cat.
643 2062 682 2137 3,
709 2064 740 2123 2.
776 2068 946 2145 comperet
983 2080 1139 2145 graecum

109 2145 216 2234 simol.
257 2142 474 2232 Cognoscere
488 2142 622 2230 aliquid
635 2155 682 2207 est
696 2166 770 2208 rem
785 2146 891 2231 ipsam
907 2166 1007 2208 unam
1031 2155 1063 2208 et
1079 2155 1137 2208 to-

110 2240 164 2299 lun
175 2251 392 2323 cognoscere,
414 2230 473 2294 sed
488 2228 531 2294 de
547 2230 667 2317 aliquo
688 2251 944 2318 recognoscere
960 2240 1071 2318 pectes
1095 2228 1137 2296 ed

113 2319 394 2409 compertinentes.
464 2363 469 2373 .

196 2472 268 2527 dees.
284 2473 320 2527 B.
335 2470 402 2541 gall.
418 2467 452 2537 5,
467 2467 510 2523 31.
528 2476 700 2541 posteaquem
713 2489 745 2524 ec
758 2475 885 2523 nocturno
894 2468 1007 2535 fremitu
1021 2466 1138 2541 vigiliis-

167 2574 209 2629 ose
224 2560 256 2611 de
270 2558 433 2626 profectione
447 2574 537 2608 eornm
551 2563 697 2611 senserunt.
731 2555 789 2608 Cic.
806 2554 841 2608 nd
855 2556 933 2609 Fam.
949 2553 975 2620 4,
989 2552 1022 2619 4,
1041 2554 1067 2607 i.
1084 2572 1138 2607 uno

165 2643 323 2708 indicimus,
342 2643 412 2711 meod
436 2641 468 2693 de
483 2641 622 2704 Marcelli,
642 2642 759 2709 collegae
777 2641 834 2703 tui,
851 2641 937 2692 solerte
958 2641 1051 2708 paullo
1075 2648 1139 2693 onte

166 2744 235 2797 mom
248 2734 281 2778 tn
294 2727 471 2796 cognocimus.
507 2723 587 2777 Ovid.
603 2722 688 2776 Trist.
705 2723 736 2790 l,
751 2723 783 2789 9,
797 2724 840 2776 27.
853 2724 893 2774 de
911 2726 1002 2776 comite
1024 2723 1138 2793 argolici

164 2819 295 2881 postquam
309 2810 434 2880 cognovit
450 2809 566 2861 Orestae.
601 2809 679 2861 Caes.
695 2809 728 2861 Β,
744 2810 811 2877 gall.
827 2808 861 2873 1,
877 2804 920 2859 35.
937 2814 968 2858 ot
982 2834 1018 2845 -
1034 2824 1139 2876 graon-

109 2910 113 3011 ἰ
167 2902 243 2962 scer,
260 2912 345 2964 neque
360 2896 393 2947 de
411 2894 585 2947 communire
601 2893 741 2945 dicendum
754 2893 805 2944 sili
818 2897 843 2943 ct
858 2890 1066 2961 cognoscendum
1085 2907 1138 2958 pu-

109 3018 111 3023 ·
167 2984 235 3035 toret.
277 2978 390 3033 Sallust.
406 2979 467 3047 lug.
481 2975 532 3043 95,
546 2976 571 3029 3.
589 2977 643 3031 nisi
657 2977 727 3046 quod
742 2977 775 3029 de
800 2991 881 3028 onore
898 2973 987 3044 potnit
1006 2972 1140 3027 honestius

109 3052 116 3153 l
166 3065 264 3119 sensuli.
285 3063 335 3116 ubi
349 3064 404 3119 vid.
422 3066 496 3117 Cori.

193 3166 306 3221 Ssllust.
322 3168 383 3220 Get.
401 3164 454 3232 41,
470 3166 496 3218 1.
516 3164 681 3217 dissimulare
696 3162 729 3214 de
745 3161 935 3214 coniuratione.
969 3156 1032 3226 Ing.
1045 3152 1097 3222 84,
1113 3153 1139 3209 3.

109 3288 111 3297 =
166 3251 193 3305 ie
203 3254 258 3305 sila
272 3251 382 3321 negotio
399 3252 515 3304 abnuere
532 3250 655 3303 cudebat.
673 3247 722 3300 ubi
745 3246 801 3298 virt.
821 3245 938 3300 (lortius.
974 3245 1034 3296 Get.
1048 3242 1099 3308 80,
1113 3241 1139 3294 6.

109 3366 111 3371 -
166 3336 255 3406 sipnis
272 3336 442 3389 indicavisset
455 3337 488 3389 de
505 3335 694 3388 coniuratione.
731 3332 788 3384 Cic.
806 3348 833 3398 p.
852 3328 945 3396 Quint.
961 3326 995 3392 9,
1011 3324 1054 3379 83.
1069 3327 1141 3379 indi-

166 3421 226 3495 ἂψ
240 3438 295 3475 esec
319 3438 374 3483 nen
396 3421 430 3475 de
451 3439 480 3476 re
498 3418 674 3493 pecuniario,
699 3417 746 3469 scd
768 3417 801 3469 de
817 3418 900 3483 sarna
915 3412 1088 3482 fortunisque
1108 3413 1140 3465 P.

109 3502 115 3535 ¹
167 3504 263 3572 Quintil
276 3507 358 3559 uides.

190 3607 234 3661 Ite
253 3607 340 3663 etiem
359 3604 446 3660 verbu
470 3600 656 3673 superioribus
678 3598 735 3654 illis
752 3599 855 3654 sirnilie
872 3607 974 3654 cenare
995 3600 1028 3652 de
1048 3598 1141 3667 eliqua
1244 3617 1248 3624 ·

163 3706 187 3745 se
206 3692 265 3747 Cic.
289 3693 368 3749 Leel.
383 3692 416 3759 8,
432 3688 475 3743 28.
500 3691 626 3743 dimicare
648 3705 675 3755 p.
697 3687 782 3740 Arch.
795 3685 844 3751 ll,
859 3683 902 3737 29.
919 3700 1045 3754 pugnare
1064 3684 1141 3735 Flor.
1226 3718 1229 3723 -

162 3774 255 3843 1,11‚
270 3775 297 3831 5.
332 3774 617 3833 contendereGomel.
642 3770 727 3826 Arist.
749 3770 775 3823 1.
817 3768 862 3831 Ita
881 3770 976 3823 mereri
999 3770 1032 3823 de
1053 3768 1143 3838 aliem

163 3860 217 3915 llic.
235 3880 263 3931 p.
279 3861 340 3915 Mil.
355 3859 408 3927 84,
421 3858 465 3913 93.

109 3961 117 4053 i
195 3964 428 4021 'Percntllennt
444 3957 477 4025 4,
496 3959 533 4024 2,
548 3958 575 4011 4.
595 3958 665 4027 quod
679 3957 713 4015 de
733 3959 848 4027 argento
870 3967 988 4025 sperem,
1004 3953 1073 4007 nihil
1096 3959 1142 4005 est.

109 4072 138 4111 ,·.
158 4042 210 4101 ets
226 4051 357 4121 femen,
375 4049 464 4101 dolere
479 4045 512 4097 de
528 4042 681 4115 aliquare,
699 4039 763 4093 vide
779 4038 861 4091 intre.
896 4041 938 4092 De
950 4040 1041 4108 atiquo
1055 4052 1084 4089 re
1099 4053 1144 4087 ca-

109 4124 223 4207 int-m
243 4140 274 4191 et
296 4136 341 4191 -at
358 4134 454 4204 eumn
480 4146 510 4185 re
529 4144 623 4185 canem
646 4142 701 4197 qno
721 4122 865 4191 different,
893 4123 993 4179 docent
1021 4120 1147 4188 exempla
1240 4132 1251 4183 j

109 4206 188 4375 liu·
805 4202 846 4271 '14
