2618 4770
522 268 776 338 eslssrnms.
958 295 961 302 ·
1107 275 1185 343 esr.
1232 352 1264 372 Ν,

221 424 279 479 cte.
295 425 329 478 ad
339 425 417 480 Fam
425 425 468 492 lo,
476 424 519 480 10.
540 428 612 480 cuius
627 427 735 480 reiron
747 425 825 478 modo
841 442 895 480 non
905 428 1047 496 praeteriit
1058 436 1171 501 tempus,

182 513 230 564 sed
253 529 285 562 ue
313 519 448 564 maturum
473 513 579 580 quidem
608 513 759 564 etiamnunc
781 528 838 563 meo
859 513 964 580 quid-em
988 516 1085 567 iudicio
1103 517 1172 581 fuit.
1273 556 1276 565 .

186 595 267 671 Ouid.
280 595 356 648 Fast.
370 596 396 661 3,
413 594 473 648 663.
493 597 570 664 plebs
591 603 665 648 uetus
685 602 711 647 et
726 596 808 646 nullis
821 597 968 648 etiamnum
983 607 1043 652 tuta
1058 600 1174 652 tribunis
1222 652 1225 659 ,

177 681 275 750 fugit,
299 689 325 733 et
340 682 368 733 in
384 681 455 733 socri
473 681 569 732 uertice
583 680 680 732 montis
704 681 769 733 alit.
806 681 886 743 Ouid.
903 683 978 735 Fast.
995 682 1021 746 3,
1040 683 1099 739 155.
1126 684 1190 739 sed.

182 773 275 818 tomen
295 767 426 818 errabant
448 766 593 819 etiamnum
613 771 750 832 tempora,
780 765 861 816 donec
886 767 1009 818 Caesaris
1032 767 1061 818 in
1075 768 1183 833 multis,

119 890 125 899 .
183 851 252 904 haec
268 868 367 919 quoque
381 869 447 903 cura
458 852 524 917 fuit.
560 848 669 917 Apulei.
680 849 752 904 Met.
767 867 793 918 p.
803 848 863 914 108,
872 849 915 903 24.
934 858 964 904 at
974 869 1039 921 ega,
1057 859 1087 904 ut
1099 856 1176 906 erom'

162 990 164 995 ,
184 936 337 988 etiamnunc
353 937 428 988 humi
440 936 587 1003 proiectus,
604 934 739 985 inanimus
753 960 789 973 -·
803 934 913 1002 inquam
927 943 979 988 ete.
997 936 1072 990 Flor.
1086 936 1112 1002 4,
1129 937 1173 1003 12,

184 1019 227 1073 45.
249 1022 384 1090 superstiti
398 1022 541 1073 etiamnum
558 1019 669 1070 Caesari
681 1019 820 1084 satisfecit.
844 1016 997 1073 Plinflisc
1009 1038 1035 1074 n.
1052 1019 1130 1087 eme,
1145 1020 1172 1076 5.
1189 1056 1194 1063 -
1235 1017 1237 1024 '

181 1106 266 1176 primi
287 1123 422 1159 exercuere
442 1106 552 1157 Ardiccs
573 1098 725 1156 Corinthios
742 1111 767 1156 et
782 1106 947 1173 Telephanes
963 1105 1101 1172 Sicyonius
1117 1107 1175 1160 sine

134 1216 137 1223 ·
180 1190 237 1242 ullo
252 1191 396 1243 etiamnum
412 1193 504 1263 colore.
543 1190 623 1242 Caes.
638 1189 672 1240 B.
688 1189 756 1257 gall.
768 1187 794 1253 7,
802 1187 845 1241 112.
863 1197 894 1243 at
907 1190 1006 1241 incerto
1022 1191 1175 1244 etiamnunc

184 1276 257 1328 eaitu
279 1275 406 1328 uictoriae
427 1276 507 1344 quum
525 1275 651 1343 septimae
667 1260 781 1342 legionis
796 1274 910 1325 tribunis
924 1280 990 1326 esset
1003 1277 1173 1343 nuntiatum,

186 1378 253 1430 quac
273 1360 303 1412 in
320 1361 428 1412 sinistro
452 1377 534 1412 cornu
546 1363 705 1429 gererentur
720 1361 769 1410 elo.
798 1357 907 1415 cornel.
922 1359 1013 1411 liano.
1029 1357 1055 1424 4,
1072 1358 1097 1410 3.
1121 1368 1184 1428 pun·

186 1446 337 1498 ualetudine
358 1462 438 1514 quum
460 1445 613 1501 etiamnunc
636 1448 800 1511 premeretur
823 1443 966 1510 lecticaque
981 1446 1119 1508 serretur,
1144 1443 1174 1499 G.
1278 1454 1284 1463 '

186 1528 350 1583 Flaminium
365 1557 400 1571 -
415 1529 518 1583 occidit.
550 1526 638 1581 Varro
653 1526 689 1581 de
700 1528 743 1578 Rc
753 1543 775 1578 r.
791 1524 817 1590 1,
826 1525 870 1591 et,
881 1525 907 1581 5.
929 1528 1042 1580 Athenis
1055 1529 1083 1579 in
1091 1529 1176 1595 lrpceo
1219 1578 1221 1583 .

184 1632 264 1684 quum
280 1616 424 1666 etiamnum
435 1614 566 1682 platanus
579 1613 685 1687 nouella
699 1618 781 1678 esset,
803 1611 906 1663 radices
920 1613 1001 1664 trium
1015 1619 1042 1664 et
1056 1614 1176 1683 triginta

130 1712 133 1720 ·
184 1700 332 1753 cubitorum
342 1699 437 1768 egisse.
470 1696 607 1750 Victorias
619 1695 739 1748 correxit
752 1695 912 1748 etiamtunc:
932 1714 1026 1751 omnes
1041 1706 1102 1767 post
1111 1715 1176 1753 eum

116 1784 118 1792 ’
184 1788 356 1851 receperunt.
392 1782 491 1851 Vis-gil.
503 1783 609 1853 Georg.
620 1781 646 1848 4,
658 1770 718 1834 1'35.
737 1797 817 1850 quone
832 1783 916 1835 tristis
932 1785 1014 1835 hiems
1030 1785 1176 1837 etiamnum

181 1871 290 1939 frigore
305 1885 371 1920 sara
386 1873 534 1935 rumperet,
561 1866 587 1918 e't
606 1867 695 1936 glacie
715 1858 806 1926 cursus
824 1872 949 1934 frenaret
966 1887 1113 1941 aquarum,
1130 1870 1176 1922 ille
1213 1930 1216 1937 Ι

174 1971 287 2007 *comam
301 1953 387 2006 mollis
402 1953 457 2005 ium
471 1953 599 2006 tondebat
614 1950 760 2017 hyacinthi.
795 1950 886 2004 Pollio
904 1953 939 2004 ed
950 1950 1010 2006 cic.
1027 1952 1115 2021 Epist.
1132 1951 1176 2019 1⁰,

183 2037 228 2101 82,
241 2035 283 2091 14.
310 2038 461 2107 epistolam,
488 2053 567 2104 quom
581 2035 684 2100 Balbo,
713 2051 792 2103 quum
813 2036 963 2088 etiamnunc
985 2037 1015 2088 in
1036 2039 1177 2106 prouincia

187 2130 270 2187 esset,
292 2114 403 2189 scripsi,
430 2119 572 2189 legendum
587 2119 638 2169 tili
651 2118 720 2170 misi.
752 2116 862 2185 Apulei.
883 2118 951 2172 Mer.
966 2118 991 2183 1.
1010 2138 1036 2189 p.
1055 2122 1115 2188 191,
1132 2123 1176 2177 11.
1236 2123 1239 2130 ’

186 2206 299 2261 Sueton.
320 2205 384 2258 oth.
402 2202 428 2254 9.
454 2201 568 2253 residuis
582 2202 746 2270 integrisque
765 2201 930 2266 etiamnunc,
959 2222 1025 2271 quos
1038 2223 1122 2258 secum
1139 2207 1177 2260 ad

185 2293 314 2345 secundos
333 2304 408 2340 casus
430 2286 589 2338 detinuerat.
612 2283 661 2335 ubi
686 2285 720 2336 cf.
743 2286 840 2337 Burm.
859 2285 1193 2359 etOudend.1u'stin.8,‘

186 2375 213 2440 4,
221 2375 246 2427 7.
264 2375 376 2440 foedum
385 2387 495 2441 prorsus
509 2369 738 2440 miserandumque
747 2371 924 2438 spectaculum
934 2363 1074 2425 Graeciam
1083 2373 1178 2424 etiam-

187 2478 258 2513 nunc
273 2465 298 2510 et
311 2457 412 2510 uiribus
430 2460 456 2508 et
480 2454 617 2527 dignitate
630 2453 700 2508 ortis
714 2461 852 2510 terrarum
871 2454 1020 2526 principem
1033 2481 1069 2497 -
1082 2455 1179 2510 alienis

187 2537 317 2598 excubare
335 2543 448 2594 sedibus.
523 2543 528 2554 '

225 2648 304 2714 Quae
320 2632 478 2714 Hermlgius
496 2643 531 2697 de
546 2642 704 2697 discrimine
719 2602 820 2696 hoium
840 2643 988 2696 verborum
1009 2643 1044 2697 ad
1063 2641 1177 2705 Sallust,
1222 2669 1223 2672 ¹
1265 2694 1269 2703 ,

187 2729 433 2802 522211000101,
450 2731 522 2784 falsa
534 2737 603 2796 sunt,
622 2736 697 2783 certe
707 2747 760 2782 noa
771 2728 900 2784 distincte
914 2746 1042 2796 expressa
1052 2729 1156 2783 verbis.

222 2836 254 2888 In
269 2838 324 2894 hec
337 2853 404 2891 vero
421 2835 610 2890 coniunctione
626 2850 689 2886 cum
705 2832 864 2902 praeteritis
881 2833 957 2885 facta
972 2834 1127 2902 Wagnerus
1142 2833 1178 2887 ed
1215 2820 1219 2843 ¹

186 2921 286 2991 virgil.
310 2924 379 2978 Bac.
401 2921 427 2986 2,
449 2919 492 2975 41.
518 2921 569 2972 Ge.
590 2918 616 2985 4,
640 2918 700 2972 135.
730 2918 882 2972 arbitratur
907 2917 1036 2988 usurpari
1058 2919 1178 2971 formem
1231 2975 1234 2980 ,

185 3009 345 3072 etiamnum,
364 3005 488 3074 quaesit
508 3004 614 3056 damals
630 3005 712 3069 noch,
738 3020 792 3055 noa
810 3003 975 3065 etiamnunc,
1003 3001 1178 3071 000001ςηί-

186 3092 252 3146 ficet
261 3095 331 3158 jetet
346 3093 430 3147 noch:
450 3090 573 3158 adeoque
582 3089 740 3141 existimare
750 3088 860 3140 videtur
870 3087 1014 3139 etiamnum
1028 3084 1179 3153 numquam
1233 3130 1237 3136 .

188 3177 245 3230 (1101
255 3177 327 3231 dere
337 3179 491 3244 praesente.
531 3172 615 3226 Cuius
631 3171 831 3226 observationis
847 3170 934 3224 omnis
949 3186 994 3220 me
1008 3169 1178 3237 sagittatio.

190 3263 273 3317 Certe
290 3261 362 3329 opud
376 3260 531 3313 Pollionem
553 3264 581 3311 ct
601 3259 673 3327 apud
690 3255 849 3312 Cornelium
861 3261 893 3329 ¹et
907 3255 980 3324 apud
994 3253 1063 3309 elios
1080 3253 1178 3326 optimi
1222 3284 1224 3289 ·
1270 3311 1277 3324 ,

190 3346 299 3398 codices
314 3347 448 3413 praebent
458 3348 618 3400 etiamnunc.
1127 3326 1134 3344 Χ
1241 3354 1243 3361 ’

225 3447 375 3502 cichael.
391 3447 477 3513 3,11.
511 3455 629 3503 senectus
651 3444 721 3500 enim
743 3442 863 3515 quamvis
888 3461 942 3498 non
964 3442 1000 3509 sit
1018 3443 1126 3514 grauis,
1147 3451 1180 3500 ut

191 3533 299 3584 memini
327 3533 453 3585 Catonem
477 3553 548 3587 anno
569 3540 632 3586 ante
655 3549 734 3601 quam
756 3538 874 3584 mortuus
895 3536 933 3582 est
957 3545 1057 3581 mecum
1077 3536 1102 3581 et
1121 3547 1179 3582 cum

192 3615 314 3684 Scipione
332 3617 472 3682 disserere,
497 3626 587 3672 tomen
601 3621 692 3685 aufert
705 3634 763 3670 eam
774 3615 952 3678 virid-itatem,
968 3614 998 3665 in
1015 3632 1067 3682 quo
1083 3614 1178 3666 eiiam·
1268 3652 1271 3661 .

113 3689 120 3696 ⁶
156 3710 158 3715 '
190 3718 262 3753 nunc
276 3709 335 3754 erat
350 3695 447 3773 Scipio.
487 3701 532 3755 lta
552 3703 665 3772 plurimi
685 3707 713 3755 et
728 3699 824 3768 optimi
845 3699 940 3764 codd,
958 3696 1008 3749 alii
1023 3699 1179 3762 etiansnunt,

191 3786 242 3842 alii
257 3788 420 3840 etiamtunc:
439 3786 511 3855 quod
527 3786 717 3856 comprobarit
730 3784 867 3850 Orellias,
885 3790 914 3838 et
928 3783 989 3836 iure
1005 3782 1125 3851 quidem.
1145 3853 1147 3856 y
1172 3829 1175 3832 .

205 3921 236 4012 ⁹⁵)
266 3922 480 3989 Etiamnunc
500 3933 532 3988 et
550 3923 625 3987 iam
640 3947 731 3991 nunc
746 3920 883 3991 confusa
897 3919 973 4017 virle
988 3918 1078 4008 apud
1094 3915 1187 4015 Cor--

123 4009 207 4080 tium
226 4009 267 4078 ed
290 4008 423 4078 sallust.
445 4009 517 4100 lug.
535 4013 608 4096 109,
623 4015 655 4086 ὅ.
1007 4017 1023 4030 ”
