2618 4770
75 380 79 385 ¹
127 296 192 365 iso
545 290 762 377 nornen

230 447 301 505 Ptin.
318 446 405 518 Epist.
419 445 446 515 6,
462 448 506 515 23,
522 450 549 503 2.
565 450 637 503 nosti
649 467 705 516 me,
732 456 758 503 et
772 448 877 519 quidem
896 466 928 505 es
941 452 1046 507 studiis.
1081 448 1180 507 setta

194 537 254 591 cine
273 536 383 607 generis
399 552 524 587 sunnone
541 535 728 588 necessarium
750 534 861 589 videtur
881 533 927 601 id,
951 538 1027 605 quod
1040 538 1179 593 medicem

194 628 224 675 et
238 620 380 689 pragensis
396 622 454 673 cod.
471 622 619 689 praebent,
637 620 708 672 nosti
721 636 762 671 me
775 621 895 689 equidem
907 638 939 673 ec
952 622 1061 677 studiis.

213 729 264 788 11.
295 718 359 786 Sed
382 730 418 785 ut
441 720 596 809 quidem,
633 723 678 786 ite
699 720 799 785 etiam
819 722 975 809 equ-idem
998 746 1017 788 e
1043 722 1176 791 eonfor-

126 809 249 873 n'rnnda
264 810 424 872 sententio
440 792 559 903 reci.
573 809 637 873 vim
657 805 876 871 concessivam
885 856 895 889 ‚
917 818 1018 897 atque
1033 804 1174 875 affirma-

126 896 219 957 tione
236 917 292 959 suu
309 895 445 958 alteram
461 906 590 982 purtem
605 895 672 974 rei,
695 914 778 978 quac
800 895 1014 973 conceditur,
1037 895 1177 983 opponit

126 981 221 1043 atteri
239 983 343 1066 parti,
374 1002 457 1066 quoe
473 980 665 1044 secernitur.
709 980 868 1043 Germani
892 981 1006 1043 dicunt
1021 979 1170 1070 sreilied.

125 1064 170 1127 Et
195 1067 344 1153 sequitur
373 1066 425 1129 vel
455 1065 533 1145 sed,
575 1065 628 1129 vel
650 1086 782 1144 renim,
816 1064 868 1129 vel
891 1076 1028 1141 tamen,
1062 1078 1097 1130 et
1117 1066 1170 1133 sed

126 1160 260 1231 lamen,
282 1162 314 1215 et
332 1174 452 1215 verrem
470 1164 597 1215 tamen.
642 1149 774 1213 Curtius
791 1162 938 1215 ceterum
952 1154 1122 1239 opposuit.

231 1254 321 1306 Plnut.
339 1253 410 1305 Ruit.
426 1252 451 1317 4,
469 1251 495 1317 4,
510 1252 553 1304 59.
580 1248 636 1305 diri
656 1253 790 1319 equidem,
815 1253 860 1305 scd
881 1253 905 1304 si
924 1271 1023 1321 parum
1042 1256 1168 1320 intellecti,

195 1338 283 1391 dicam
299 1338 391 1389 denuo.
419 1336 476 1388 Cic.
493 1334 525 1386 da
543 1335 654 1399 Orot‘d,
668 1336 694 1399 6,
704 1334 748 1389 26.
762 1338 800 1387 sic
815 1354 883 1405 ego,
900 1338 924 1387 si
936 1338 991 1389 iam
1007 1340 1075 1391 milti
1087 1341 1165 1409 diopu-

194 1424 307 1477 ianduat
322 1424 358 1475 sit
372 1422 405 1473 tle
419 1422 460 1473 bis
477 1422 574 1473 nostris
589 1419 699 1483 studiis,
723 1422 804 1471 nolim
825 1420 943 1486 equidem
965 1423 1041 1491 apud
1059 1426 1164 1488 rusticor,

194 1510 241 1560 scd
262 1509 344 1559 multa
365 1507 452 1559 minus
475 1508 548 1575 apud
568 1523 621 1557 uos.
657 1505 692 1555 nd
706 1505 760 1556 nu.
776 1504 801 1569 l,
818 1503 860 1555 13.
878 1506 971 1572 quibus
986 1508 1162 1575 epistolicam

193 1593 375 1661 equidem'abs
390 1598 416 1642 te
428 1584 605 1642 lacessita'sad
621 1588 802 1639 scribendum:
816 1588 862 1640 sed
876 1588 974 1641 ideirco
988 1607 1048 1643 sum
1062 1594 1161 1658 tardior,

194 1678 264 1747 quod
278 1682 330 1729 etc.
356 1672 424 1739 25.
441 1674 467 1738 i,
485 1675 509 1727 1.
535 1673 570 1725 ad
583 1674 662 1725 Fam.
677 1671 720 1736 15,
735 1670 761 1735 Β,
777 1670 803 1725 2.
825 1673 855 1723 in
871 1675 1011 1727 consulatu
1024 1692 1086 1729 vero
1099 1677 1160 1747 cupio

192 1762 327 1831 equidem,
343 1767 370 1812 te
382 1760 468 1810 minus
482 1760 579 1811 babere
587 1756 705 1827 negotii:
721 1757 767 1808 sed
778 1759 882 1809 moleste
892 1761 956 1823 fero
964 1754 976 1824 ,’
991 1776 1034 1811 me
1045 1763 1159 1813 consum

191 1856 267 1901 tuam
283 1846 399 1898 studium
417 1844 588 1896 adolescentis
605 1842 772 1911 perspexisse.
792 1840 818 1908 4,
833 1842 917 1909 3,14.
936 1862 1020 1912 quare
1032 1864 1087 1898 non
1101 1846 1159 1915 equi·
1202 1910 1205 1919 .

192 1932 252 1983 dem
267 1937 292 1981 te
304 1946 410 1993 maneo,
438 1929 484 1979 sed
495 1929 561 1981 mibi
575 1929 615 1980 ita
636 1928 759 1997 persuasi
780 1934 833 1981 cte.
852 1929 885 1981 do
902 1929 1004 1995 Finit,
1021 1930 1086 1996 ut.
1110 1930 1157 1984 Lit.

192 2012 219 2080 3,
233 2014 276 2080 68,
291 2013 317 2067 9.
334 2015 426 2067 uellem
440 2013 559 2081 equidem
571 2012 644 2065 nobis
658 2014 779 2082 placere,
798 2015 928 2079 Quirites:
945 2016 993 2067 sed
1006 2016 1089 2069 multo
1100 2017 1157 2069 aab

191 2118 239 2152 uos
252 2101 339 2152 saluos
354 2116 420 2163 esre,
440 2100 621 2167 qualicumque
628 2115 696 2167 erga
703 2116 744 2151 me
752 2099 842 2151 animo
850 2100 944 2165 futuri
957 2100 1028 2153 estis.
1063 2096 1156 2164 cunt

191 2182 235 2249 13,
243 2183 268 2237 3.
278 2185 391 2237 certiora
400 2181 633 2253 deindecognascit
640 2210 690 2248 -,
700 2201 752 2233 non
761 2183 879 2250 equidem
885 2185 1002 2237 cladum
1012 2200 1108 2256 regem,
1121 2178 1157 2237 nt

189 2268 221 2322 in
237 2270 354 2339 periculo
369 2286 423 2323 case
444 2274 492 2321 aut
513 2268 622 2334 mortis',
646 2276 693 2321 aut
708 2267 880 2320 uinculorum.
906 2266 939 2319 de
955 2286 1008 2337 quo
1023 2264 1085 2323 loco
1097 2268 1156 2323 indi·

191 2352 266 2408 cium
284 2350 359 2407 haud
374 2350 519 2423 probabile
532 2349 723 2421 Heusingerus
739 2348 801 2404 tulit
816 2351 844 2403 in
857 2354 1002 2407 Emendat.
1019 2372 1047 2423 p.
1060 2354 1117 2408 m

226 2458 284 2511 Cic.
299 2459 335 2511 ud
349 2456 426 2511 Fam.
442 2455 484 2521 16,
500 2455 543 2522 16,
559 2456 585 2508 3.
611 2474 669 2508 ama
690 2463 717 2508 te
733 2452 851 2507 ominibus
870 2454 988 2525 equidem
1003 2456 1156 2512 masimisdc

190 2544 304 2608 caussis,
325 2560 414 2596 oerum
429 2541 510 2594 etiam
523 2548 632 2609 propter
650 2542 735 2605 banc,
761 2540 829 2608 quod
846 2539 913 2593 mibi
928 2540 982 2608 sic,
1003 2553 1035 2597 ut
1049 2541 1155 2607 debuisti,

189 2630 331 2681 nuntiasti.
357 2625 468 2679 Terent.
487 2627 575 2677 Ileau.
591 2624 656 2690 4,1,
674 2624 716 2676 34.
743 2626 839 2676 scilicet
853 2626 970 2693 equidem
986 2628 1053 2680 istuc
1063 2631 1156 2694 foetum

188 2716 341 2785 ignoscam:
358 2702 463 2776 oerum',
483 2713 622 2774 Sostrata,
640 2710 709 2762 male
723 2711 797 2761 docet
813 2717 839 2761 te
852 2728 911 2762 mea
920 2712 1048 2777 facilitas
1060 2714 1144 2765 malta.

158 2868 160 2872 ,
224 2816 285 2870 Isin.
301 2814 328 2880 4,
341 2813 368 2873 3,
382 2813 408 2865 2.
428 2820 587 2880 quantopere
602 2830 663 2875 uos,
684 2812 812 2877 Quirites,
830 2820 1023 2867 contemnerent
1034 2823 1157 2885 patres·-

188 2920 267 2973 sacpe
280 2901 397 2969 equidem
413 2906 437 2950 et
451 2906 531 2949 antea
542 2898 632 2949 uideor
647 2898 880 2949 animaduertisse:
898 2916 968 2950 nunc
982 2908 1072 2952 tamen
1084 2899 1158 2953 maci·

190 3006 246 3051 nie,
270 2986 338 3054 quod
357 2990 409 3035 etc.
434 2978 505 3033 Ptin.
520 2982 586 3033 Pan.
598 2980 641 3044 31,
658 2980 686 3041 1,
709 2983 827 3033 omnibns
843 2984 960 3050 equidem
975 2985 1100 3052 gentibus
1108 2986 1158 3052 scr*

189 3074 248 3127 tiles
263 3086 346 3122 annos
360 3073 505 3137 gratosque
521 3073 606 3117 terras
620 3082 731 3134 precor.-
750 3067 903 3117 crcdiderim
918 3074 1008 3120 tamen
1024 3076 1078 3124 etc.

225 3170 283 3225 Cic.
303 3166 338 3222 sd
351 3170 429 3221 Fam.
447 3167 490 3230 11,
512 3165 555 3231 14,
578 3164 604 3219 4.
630 3169 710 3220 babes
731 3170 932 3220 obtrectatores:
965 3186 1030 3238 quos
1052 3173 1160 3242 equidem

183 3259 314 3326 facillime
327 3256 456 3316 sustineo,
473 3252 518 3303 sed
533 3251 680 3318 impediunt
693 3258 792 3303 tamen.
824 3252 850 3317 9,
866 3253 907 3318 13,
922 3253 947 3305 3.
965 3257 1035 3322 quod
1053 3258 1160 3310 dicum

187 3360 261 3405 sum,
276 3347 341 3408 pato
356 3339 473 3407 equidem
487 3353 540 3387 non
558 3336 636 3387 ualde
652 3336 688 3386 ad
703 3353 757 3410 nem
769 3337 920 3403 pertinere:
938 3340 985 3390 sed
994 3346 1087 3392 tamen
1101 3340 1161 3393 nibil

187 3430 258 3480 obest
280 3422 371 3476 dicere.
406 3422 441 3475 od
456 3416 547 3473 Frate.
564 3417 633 3493 un.
659 3422 758 3471 abduco
777 3421 896 3487 equidem
917 3440 957 3474 me
977 3425 1012 3475 ab
1033 3427 1107 3477 omni
1127 3423 1161 3478 rei

182 3507 305 3581 publicae
320 3524 400 3560 cura.-
417 3507 465 3558 sed
484 3512 573 3557 tannen
590 3500 711 3555 indicabo
724 3505 787 3567 tibi,
806 3506 874 3571 quorl
885 3509 1030 3560 mehercule
1041 3510 1161 3580 inprimit

186 3603 213 3649 te
229 3598 340 3647 celatam
355 3593 481 3644 volebam.
501 3590 535 3640 de
550 3589 613 3640 Son.
629 3587 672 3651 lt),
687 3587 729 3638 32.
755 3589 854 3640 Horat.
870 3589 960 3655 Sabi,
976 3593 1003 3657 l,
1019 3593 1065 3648 to.

221 3698 279 3750 Cic.
294 3693 473 3756 adFam.1‘.'.,
488 3691 530 3754 36,
547 3690 572 3742 Β.
590 3709 644 3743 non
661 3691 817 3744 dubitabam
834 3695 969 3762 equidem:
987 3707 1159 3754 cerumtamen

184 3786 267 3839 multo
284 3783 349 3834 mibi
363 3781 489 3831 notiorem
505 3794 618 3828 amorem
633 3781 705 3827 tuum
721 3779 806 3844 effecit
823 3780 978 3847 Cbcrippus.

223 3889 298 3938 Cart.
315 3883 341 3948 4,
364 3883 406 3945 12,
430 3879 472 3931 26.
501 3879 547 3929 scd
571 3879 676 3946 caligo,
707 3898 788 3946 quam
811 3882 881 3932 circa
896 3882 1000 3935 tumidi
1014 3888 1158 3954 effuderant

185 3979 299 4033 montes,
331 3969 479 4018 universam
502 3963 619 4031 equidem
644 3964 682 4014 rei
698 3967 797 4028 faciem
821 3982 874 4016 non
898 3968 1024 4033 abstulit,
1052 3968 1156 4024 celerum

186 4057 322 4129 agminum
340 4050 493 4102 discrimina
509 4055 586 4114 atque
598 4049 723 4100 ,ordinem
743 4050 879 4119 probibuit
898 4052 1021 4119 perspici.
1042 4054 1092 4106 ubi
1115 4064 1155 4105 cur

185 4140 258 4196 hauc
272 4135 397 4195 codicum
412 4133 575 4205 scripturam
584 4132 726 4202 Zumptius
737 4138 872 4200 nuncet,
891 4136 969 4193 calta
983 4142 1044 4198 eru
1058 4153 1153 4195 musso
