2618 4770
124 283 190 351 850
614 274 741 346 Εο011.

126 435 192 502 Sed
211 432 433 500 nominativus
454 431 508 499 vel
530 433 752 515 aecusativus,
782 434 840 525 qui
864 426 905 502 lis
929 456 1165 529 nonnumquam

125 523 293 600 ndiicitur,
325 528 343 584 'a
374 518 606 584 subintellecto
638 520 742 585 verbo
768 521 914 609 quodum
936 525 1115 611 pendet.“··
1131 528 1163 593 Et

124 618 216 674 recte
232 605 377 693 quidem.
409 604 496 669 Nam
512 603 753 670 Ramshornius
772 615 805 671 et
820 596 959 694 reliqui,
976 611 1163 696 qui-docent,

127 692 349 759 interiectioni
372 689 448 754 arltli
472 712 542 755 rem
566 691 767 773 affectionis,
798 692 882 757 nihil
897 695 1081 781 explicant.¹
1111 700 1163 763 ¹Vb'

128 779 219 845 adest
235 776 372 842 verbum
388 776 422 839 in
440 774 540 862 plenu
562 777 742 857 sententia,
772 777 857 843 nihil
874 777 1097 865 desideratur,
1124 788 1164 851 set

123 863 286 955 particula
302 861 354 926 vel
371 862 551 948 praemissa
565 863 618 927 vel
640 864 839 951 interpositu
861 866 1033 933 universae
1048 880 1166 935 senten·

123 953 190 1015 tiae
211 948 307 1013 affert
322 947 618 1045 perspicuitatem,
647 949 727 1012 «lum
743 970 816 1013 rem
828 948 940 1013 reddit
955 954 1163 1041 conspicuam.

126 1032 563 1101 (innutantissime
596 1034 769 1133 Supplem.
789 1056 825 1121 p.
851 1036 925 1100 140.
967 1038 1114 1107 Bauerus
1133 1044 1162 1109 rb

126 1120 247 1186 Scint'r‘t.¹
262 1118 308 1185 T.
324 1122 355 1181 1.
383 1141 417 1203 p·
435 1122 513 1183 221.
539 1130 759 1185 accusativum
783 1118 1003 1189 arbitrabatur
1026 1126 1161 1215 explicari

121 1214 222 1296 posse
245 1223 401 1295 perverse
423 1202 715 1291 interpretatione,
755 1226 820 1291 qua
846 1229 922 1272 ecce
953 1210 1068 1275 dieunt
1090 1212 1159 1279 iden

122 1287 305 1445 §sptquod
326 1288 589 1439 vidpm'sapfip
605 1290 637 1439 ep
650 1291 870 1441 αεῒεοηῐίῗιαυῐ
882 1292 1096 1447 bgeipprusbet
1108 1299 1157 1365 alii.
1198 1346 1200 1387 :

225 1398 357 1440 nius.
467 1419 477 1438 .
582 1398 753 1441 aucore
860 1421 869 1442 .
990 1396 1200 1445 .;ι

122 1396 385 1531 coicerarissiine
416 1460 636 1525 accusativum
665 1398 870 1544 habere‚e{t
897 1426 986 1553 apud
1010 1397 1157 1564 piobniiiii

123 1550 302 1637 scriptores
325 1564 430 1607 unum
451 1544 592 1611 inveniri
618 1548 812 1635 exemplum
825 1549 902 1627 'Cic
919 1548 960 1615 de
983 1551 1055 1617 tm.
1072 1556 1154 1631 2,.10.

7 1656 14 1713 .'
121 1634 188 1700 sed
205 1628 278 1699 vide
298 1627 337 1692 de
353 1627 387 1691 h.
404 1627 427 1691 l.
451 1630 570 1717 puls.
601 1632 739 1697 Vrsinus
763 1631 858 1697 albert
876 1634 946 1699 (lic.
963 1658 1004 1724 pr
1015 1638 1103 1705 Caec.
1117 1644 1154 1719 10,

119 1724 179 1787 80.Ι
203 1717 263 1783 sed
292 1708 340 1777 ibi
368 1706 490 1801 legitur
514 1734 590 1779 ecce
621 1716 732 1796 idem,
764 1740 832 1785 non
859 1740 946 1785 enm.
1001 1722 1153 1789 Poetarum

121 1802 276 1889 exempla
305 1798 539 1885 inprovide·
577 1798 631 1865 cf.
653 1802 878 1869 Ruddimann·
910 1804 955 1871 T.
979 1812 1012 1872 2.
1043 1814 1077 1897 p'.
1097 1810 1152 1876 stt.

118 1889 254 1975 Ellipsis
281 1906 360 1948 vero
387 1885 486 1948 etiam
512 1885 548 1949 iu
581 1886 619 1949 iis
642 1888 804 1970 cernitur,
841 1910 923 1989 quae
946 1891 1090 1959 dativum
1107 1894 1150 1959 etl*
1188 1934 1191 1939 ·

117 1983 269 2044 iunctum
285 1968 410 2033 hubent
425 1993 487 2057 per
499 1968 683 2038 formulam
702 1996 776 2038 ecce
796 1973 869 2053 tibi,
892 1999 910 2041 a
934 1977 1093 2045 Cicerone
1107 1980 1150 2045 ul·

118 2058 261 2125 modum
278 2054 330 2120 fre
356 2065 506 2131 uentata,
534 2057 640 2121 modo
661 2058 719 2123 ubi
744 2070 874 2123 certam·
890 2082 1074 2148 personam
1087 2066 1151 2131 allo·

121 2146 253 2235 quitur,
275 2078 380 2207 molo
399 2140 456 2206 ubi
476 2138 646 2208 rhetorico
662 2166 758 2208 more
774 2166 967 2231 pronomen
991 2151 1097 2217 adiicit
1114 2150 1152 2219 tel

120 2228 432 2325 repraesentationis
454 2249 568 2299 caussa
584 2229 636 2295 vel
652 2231 751 2297 etism
767 2250 844 2295 cum
859 2232 1027 2302 irrisione.
1069 2282 1075 2293 .
1105 2290 1108 2295 .
1197 2318 1199 2327 Ι

222 2371 280 2427 cic.
296 2368 381 2425 Aean.
398 2370 425 2438 2,
441 2369 484 2437 38,
500 2370 561 2425 121.
586 2389 671 2444 negas
687 2374 743 2427 siae
764 2371 812 2426 tien
829 2389 906 2442 posse
920 2372 1074 2445 quidquam.
1102 2374 1155 2427 Ecce

181 2460 234 2514 tibi
250 2476 265 2510 e
279 2465 429 2511 transverso
446 2448 641 2526 Lampsacenus
658 2460 764 2522 Strato,
794 2459 842 2526 qui
864 2460 908 2511 det
922 2459 968 2511 isti
986 2461 1035 2513 deo
1048 2456 1155 2513 incusari·

180 2551 263 2598 tutem
278 2542 374 2611 magni
388 2541 491 2610 qnirlem
514 2543 637 2593 muneris.
663 2540 691 2593 in
713 2541 806 2594 Pison.
829 2532 873 2606 21,
892 2539 936 2594 48.
958 2561 1014 2597 ecce
1029 2546 1079 2598 tibi
1093 2545 1156 2607 otte,

182 2630 268 2696 effusa
284 2624 338 2677 ium
358 2626 475 2678 murima
493 2626 608 2693 praeda.
641 2625 675 2678 etl
694 2624 853 2692 111215.
881 2644 959 2696 marm
981 2618 1158 2683 nuestrasiae

181 2711 335 2773 scriberem,
360 2726 416 2763 eece
428 2710 480 2761 tibi
492 2709 622 2762 Seborirrs.
655 2710 681 2774 2,
697 2708 722 2762 8.
751 2711 785 2763 cle
801 2712 880 2764 Ornb.
905 2712 931 2776 2,
947 2710 992 2776 22,
1009 2711 1054 2766 04.
1082 2708 1159 2765 Inltir

180 2794 306 2849 omnibus
321 2798 363 2845 est
378 2798 455 2845 certe
471 2809 602 2861 persone,
621 2802 711 2863 quem
728 2794 894 2863 alloquitur:
916 2794 1000 2848 aliter
1018 2795 1050 2849 iu
1063 2795 1122 2849 hirc
1137 2812 1158 2863 p.

183 2881 289 2933 cluent.
301 2876 345 2942 28,
361 2875 405 2930 15.
430 2895 485 2930 ecee
500 2878 550 2931 tibi
566 2879 693 2931 eiuentodi
706 2880 827 2943 sortitio,
847 2887 877 2931 ct
890 2879 920 2931 in
934 2880 1029 2947 primis
1046 2881 1160 2933 Bulbaet

181 2965 290 3018 Stckno
306 2967 332 3013 et
350 2962 448 3015 Guttae
462 2970 527 3015 esset
541 2964 720 3017 iudicandum.
737 2963 782 3025 ¹tle
799 2962 854 3017 011.
870 2963 896 3029 ὃ,
912 2963 955 3028 21,
973 2962 1017 3017 83.
1040 2982 1097 3017 ecee
1111 2963 1161 3027 titt,

179 3050 227 3120 qui
242 3065 287 3102 rer
298 3046 391 3114 populi
408 3046 526 3099 Rotnani
547 3047 719 3116 dominusque
735 3048 851 3119 omniurn
866 3049 988 3116 gentium
1006 3065 1062 3101 esee
1080 3056 1163 3103 mner-

178 3134 286 3203 pioerit.
318 3148 344 3197 p.
358 3130 432 3181 sexte
442 3129 535 3194 41‚89.
552 3147 608 3183 eece
621 3132 671 3183 tibi
686 3130 790 3194 cornil.
806 3137 934 3200 praetor,
946 3126 1164 3209 tribunusplebis

180 3235 250 3270 noca
270 3216 331 3266 noni
351 3215 456 3283 generis
472 3216 559 3267 edicta
578 3222 737 3290 proponunt.
768 3215 817 3267 ubi
834 3214 989 3287 bletthinee
1009 3236 1089 3284 „ecee
1107 3234 1163 3272 eum

180 3291 308 3354 irrisione
318 3288 437 3365 ponitur,
450 3299 528 3367 quusi
538 3299 572 3389 1ο
585 3315 626 3364 re,
639 3316 721 3367 quum
730 3296 778 3353 rix
792 3299 937 3370 quisquam
950 3304 1162 3373 exspectasset.“

193 3437 244 3501 14.
265 3435 449 3499 Coniuncta
461 3437 664 3523 pronomina
676 3445 848 3502 transeunt
861 3439 896 3501 in
905 3437 1032 3503 formas
1041 3439 1163 3505 breves·

108 3518 233 3593 Dicunt
249 3520 367 3584 comici
388 3544 468 3585 ecca
489 3543 553 3607 pro
570 3544 645 3586 ecce
661 3546 702 3585 eu
712 3569 722 3599 ,
740 3533 777 3586 et
792 3522 912 3587 ecciltln
933 3525 1056 3610 (Plaut.
1078 3528 1162 3593 Men·

110 3616 182 3688 1,2,
191 3612 243 3671 66.
269 3606 535 3690 Sticlr.4,1,30),
551 3617 729 3687 eteorum,
752 3632 862 3688 eccur,
885 3628 984 3688 ecca,
1002 3610 1162 3686 eccillum,

110 3695 293 3761 eccistam.-
312 3693 351 3756 de
365 3692 484 3778 quibus
498 3705 608 3777 supra.
651 3693 801 3757 Absurda
814 3705 883 3757 erat
897 3695 1031 3758 Linacri
1049 3698 1162 3784 opinio

110 3782 150 3845 tle
177 3776 318 3842 Emend.
343 3787 455 3841 struet.
475 3798 517 3861 p.
539 3780 613 3841 382.
642 3779 737 3863 quasi
761 3801 888 3844 nomen
915 3777 1033 3845 fuisset
1062 3798 1164 3861 eccur,

110 3888 202 3945 ecca,
221 3884 344 3927 eccum.
388 3862 520 3925 Praeter
533 3863 756 3948 accusativum
772 3875 803 3930 et
819 3865 1067 3931 nominativum
1081 3864 1162 3955 apud

107 3963 233 4019 veteres
250 3949 311 4012 alia
334 3945 445 4010 forma
468 3944 560 4031 nulla
582 3946 761 4013 invenitur.
804 3950 959 4036 Apuleius
977 3973 1058 4016 vero
1075 3956 1163 4041 Apo-

106 4036 173 4127 log.
199 4058 233 4123 pa
251 4034 325 4098 821.
344 4028 397 4117 24.
415 4040 622 4123 quamquam
642 4069 686 4086 ·-
708 4034 869 4100 simultas
887 4056 963 4099 non
989 4036 1062 4123 ipsi
1075 4032 1162 4105 ’νίιίο

105 4116 357 4202 corcordare,
384 4114 446 4184 red
467 4135 584 4185 socero
608 4119 681 4187 eius
693 4118 815 4189 eccilli
836 4118 1013 4187 Herennio
1027 4120 1161 4213 Rufius·
