2618 4770
570 256 786 340 EQVIDEM.
1139 270 1205 337 426

146 436 186 485 ιιι
200 432 280 482 enm
295 415 493 505 praesertim
504 412 645 479 modum
660 414 815 493 adhibet,
843 426 880 480 ut
896 415 939 496 is,
964 420 1020 506 qui
1041 421 1205 510 loquitur,

148 524 205 584 ou,
238 523 322 588 quoe
336 501 378 566 de
393 524 428 567 sc
441 522 565 587 suaque
581 502 741 567 sententia
764 512 819 565 aut
844 504 884 566 de
906 504 971 566 suis
1000 508 1097 573 rebus
1118 533 1204 595 pro-

146 586 301 669 fiteatur,
341 609 419 652 cum
458 588 601 673 quadam
634 584 857 652 affirmatione
885 588 1043 674 designet.
1107 597 1205 662 Vnda

148 670 363 753 factumest,
386 682 424 736 ut
446 697 463 737 e
484 671 600 737 uidem
621 672 691 736 fere
716 693 792 736 cum
817 675 924 759 prima
950 698 1089 761 persona
1110 683 1205 751 verbi

148 760 419 845 conjungeretur.
463 696 572 821 {atini
589 757 689 855 igitur
704 760 877 845 propriam
894 760 1057 828 habebant
1075 788 1205 848 vocem,

149 864 217 933 que
226 843 403 930 loquentes
419 844 566 906 animum
588 864 676 919 erus,
700 843 757 929 qui
774 845 943 927 audiebat,
964 848 1002 911 ad
1020 872 1113 915 suam
1130 874 1205 917 rem

149 950 288 996 suamve
310 931 507 994 sententiam
531 938 777 1002 converterent,
816 941 913 1015 atque
937 932 1138 1017 professioni
1163 939 1206 1003 de

148 1036 185 1083 se
209 1012 316 1080 factae
340 1015 499 1079 adderent
523 1013 665 1100 pondus.
723 1014 824 1094 Quod
849 1037 951 1100 quum
975 1039 1052 1082 usus
1075 1024 1205 1088 stabili-

150 1102 273 1181 visset‚
297 1099 437 1185 vulgaris
462 1098 578 1185 opinio
603 1099 727 1163 invenit
749 1103 1075 1187 interpretationem,
1103 1110 1207 1174 voca.

149 1184 271 1253 bulum
288 1208 359 1250 esse
372 1185 598 1272 compositum
623 1207 665 1247 ex
681 1208 745 1272 ego
763 1186 966 1285 etquidem,
999 1191 1111 1275 eique,
1137 1196 1207 1260 iam

152 1272 334 1359 antiquitus
351 1271 385 1336 in
403 1271 697 1358 grammaticorum
717 1270 903 1337 doctrinam
920 1285 1088 1360 receptae,
1110 1300 1206 1346 suam

152 1356 338 1423 dictionem
370 1357 546 1443 scriptores
576 1356 710 1442 quidam
739 1359 1047 1426 accommodarunt.
1097 1364 1207 1449 Atque

152 1440 291 1511 sumunt
305 1444 392 1507 inter
408 1452 546 1521 veteres,
564 1442 620 1526 qui
629 1440 784 1540 equidem
792 1453 849 1507 aut
860 1466 937 1508 raro
954 1456 1010 1509 aut
1021 1469 1206 1536 numquam

151 1550 232 1595 oum
253 1528 390 1613 reliquie
414 1526 505 1592 verbi
530 1548 684 1613 personis
708 1541 968 1615 componerentz
1010 1532 1064 1596 alii
1088 1555 1207 1617 recen·-

151 1615 255 1683 ateias
277 1614 435 1703 equidem
458 1635 521 1698 pro
550 1633 615 1677 erro
638 1612 774 1700 quidem
795 1636 921 1700 ponere
944 1614 1113 1684 solebantz
1152 1621 1207 1687 alii

153 1720 236 1769 vero
252 1722 318 1790 pro
338 1697 482 1786 simplici
502 1659 638 1785 quidem
660 1700 873 1785 usurpabant.
917 1701 1010 1781 Quae
1034 1725 1136 1790 quum
1160 1706 1208 1772 ita

152 1788 241 1869 sint,
274 1786 383 1850 omnis
408 1783 555 1870 quaestio
586 1784 672 1847 redit
703 1786 743 1849 ad
773 1790 880 1849 usum
902 1788 1020 1872 cuique
1049 1791 1207 1878 scriptori

151 1894 219 1963 pro
246 1873 353 1936 rium:
383 1890 491 1956 neque
509 1889 587 1933 vero
603 1891 781 1956 possumus
797 1875 945 1936 assentiri
958 1874 1127 1961 Bentleio‚
1148 1877 1208 1974 qui

153 1958 194 2023 ad
251 1967 357 2022 erent.
380 1957 499 2020 Heaut.
521 1955 553 2035 4,
572 1962 602 2030 t.
624 1960 676 2019 19.
699 1967 732 2020 et
755 1955 796 2020 ad
820 1956 881 2021 Ad.
897 1959 929 2038 5,
946 1964 978 2036 5,
993 1965 1044 2030 65.
1075 1962 1206 2027 docurtc

154 2042 313 2131 equidem
338 2062 414 2106 cum
440 2039 544 2107 verbo
565 2041 692 2127 primae
715 2063 878 2128 personae
901 2064 1033 2130 semper
1056 2047 1209 2114 iunctum

155 2151 227 2195 esec
244 2140 320 2194 ante
335 2126 478 2192 Neronis
501 2135 649 2189 aetatem.
691 2125 730 2189 In
753 2126 858 2191 Plauti
883 2130 1062 2196 comoediis
1088 2133 1209 2199 obser·-

154 2217 230 2281 veri
246 2214 437 2303 quindecim
454 2212 564 2291 locos,
587 2232 670 2297 quos
683 2210 771 2275 infra
787 2233 966 2298 apponam.
998 2214 1035 2278 In
1046 2215 1206 2285 Terentio

153 2308 226 2365 tres
242 2299 310 2365 loci
326 2299 431 2362 adhuc
447 2306 596 2376 exstant,
626 2297 661 2361 in
684 2295 800 2382 quibus
823 2299 978 2383 particula
995 2322 1062 2363 non
1083 2304 1209 2389 primae
1259 2322 1263 2329 '

154 2406 317 2475 perronae
333 2383 538 2469 adiungitur:
569 2380 625 2445 sed
642 2382 688 2445 uti
705 2381 740 2445 hi
757 2406 775 2445 a
791 2383 909 2448 criticis
930 2396 1006 2449 sunt
1023 2407 1111 2453 nunc
1129 2411 1210 2453 cor-

153 2473 257 2553 tecti,
298 2471 343 2534 ita
368 2471 402 2533 iu
428 2468 517 2547 aliis,
555 2476 642 2531 certe
664 2468 698 2532 in
722 2489 788 2531 uno
810 2467 886 2534 loco
910 2473 1117 2556 grammatici
1142 2474 1210 2539 iam

156 2578 299 2645 operam
316 2577 408 2619 suam
428 2554 665 2640 interposuisse
689 2553 850 2623 videntur.
892 2554 990 2620 Ennii
1013 2566 1044 2620 et
1067 2559 1212 2627 aliorum

156 2642 470 2728 antiquissimorum
496 2648 671 2725 poetarum
692 2638 878 2726 fragmenta
900 2640 1027 2706 nullum
1052 2644 1213 2731 suppedi-

154 2726 439 2811 tantexemplnm
456 2723 551 2789 huius
575 2724 744 2789 vocabuli:
776 2748 837 2789 nec
855 2725 988 2793 Catonis
1007 2728 1099 2795 libri:
1130 2753 1212 2798 nam

157 2812 251 2899 quod
276 2811 436 2890 afferunt,
475 2810 593 2894 legitur
616 2810 652 2873 in
676 2810 758 2873 falsa
787 2813 969 2896 scriptione
997 2813 1037 2876 de
1068 2816 1211 2900 antiquis

155 2898 271 2965 ltaliae
300 2920 346 2984 po
376 2897 446 2960 ulis.
497 2897 603 2959 Varro
634 2894 669 2957 in
699 2895 790 2958 libris
815 2896 856 2960 de
886 2897 935 2962 Re
965 2899 1086 2963 rustica
1108 2902 1213 2966 semel

155 2982 246 3051 dixit
263 2921 436 3071 equidem,
461 2979 516 3044 sed
534 2980 722 3066 composuit
747 3003 823 3046 cum
846 2985 942 3047 tertia
964 3005 1104 3069 persona
1119 2987 1214 3052 verbi

158 3072 240 3152 1,5‚
259 3075 289 3137 1.
309 3091 406 3154 saepe
429 3076 540 3130 autem
562 3089 627 3152 ego
649 3088 725 3130 vero
743 3072 771 3145 1,
790 3072 821 3146 2,
840 3073 890 3132 13.
924 3074 1001 3149 t‚2‚
1019 3076 1050 3133 3.
1081 3077 1112 3147 2,
1133 3078 1164 3148 2,
1179 3076 1215 3137 9.

156 3166 193 3223 et
208 3178 275 3243 ego
292 3152 442 3217 arbitror
459 3160 487 3226 1,
504 3156 557 3231 38,
575 3158 606 3217 2.
649 3151 686 3214 In
703 3151 795 3215 libris
812 3152 853 3216 de
868 3153 994 3241 Lingua
1013 3155 1110 3220 latina
1130 3178 1214 3221 nris*

103 3262 263 3331 ,aquam
279 3239 417 3328 legitur,
440 3237 504 3300 nisi
527 3238 562 3301 in
583 3248 740 3322 corrupte
762 3237 839 3302 loco
865 3243 896 3318 8,
919 3242 972 3311 24.
1005 3241 1059 3306 ubi
1083 3243 1214 3307 cortices

206 3326 345 3391 aebeat:
376 3336 409 3389 et
425 3322 507 3410 quid
524 3321 624 3390 rerba
640 3322 766 3398 neseis,
798 3334 835 3386 ut
852 3325 947 3409 apird
962 3326 1038 3392 illue
1053 3328 1123 3395 siat
1138 3328 1215 3394 aliae

220 3412 286 3487 ta,
311 3406 385 3476 alia
408 3432 477 3478 non
498 3408 552 3492 (al.
578 3409 657 3491 ae).·
680 3408 730 3471 sic
746 3419 827 3473 utra
844 3433 914 3475 esse
932 3412 1026 3497 apud
1041 3436 1102 3479 noe
1118 3413 1215 3500 equi-

159 3496 248 3575 dem·
269 3496 328 3577 (al.
355 3494 507 3583 quidem)
529 3518 598 3559 non
627 3492 744 3558 ‹tritta›
770 3494 827 3580 qui
847 3497 1127 3564 animadvertunt
1157 3498 1216 3583 (al.

159 3580 521 3663 animadvertemnt):
544 3581 628 3644 item
642 3579 680 3648 ia
697 3602 775 3644 eam
788 3579 1071 3646 iamrmernbilem
1086 3583 1215 3647 simili-

159 3666 320 3745 minem
333 3687 530 3739 numerum,
548 3677 585 3728 ut
602 3664 706 3728 trium
723 3667 1037 3752 temporumverbu,
1058 3680 1096 3736 at
1110 3669 1216 3734 trium

156 3774 399 3844 personarum.
443 3749 513 3813 lam
527 3748 654 3835 Popmn
670 3753 824 3815 coniecit:
847 3763 880 3815 et
890 3752 973 3837 qrrid
983 3752 1078 3819 verbo
1093 3754 1214 3831 nescis,

159 3874 208 3893 ...
233 3839 285 3902 sie
306 3849 449 3923 utraque
474 3857 544 3899 esee
569 3833 665 3929 aprrd
686 3831 774 3902 noe?
800 3836 973 3923 Equidem
987 3859 1055 3902 iton
1077 3838 1217 3902 dirbium

160 3924 238 4000 ais,
266 3923 325 4009 qui
346 3919 663 3987 animadverterunt
686 3931 748 3986 stc.
792 3923 889 3986 Certe
912 3945 952 3988 ex
972 3922 1129 3987 hocloco
1144 3944 1217 3986 non

162 4018 282 4100 potest
308 4005 549 4085 demonstrari,
588 4007 772 4071 Varronem
800 4008 962 4074 vocabulo
991 4008 1146 4096 equidem
1174 4027 1216 4071 ex

166 4094 314 4162 aliorum
344 4113 442 4167 more
472 4111 572 4161 usum
606 4113 687 4157 esse.
741 4093 912 4160 Ciceronis
944 4093 1218 4160 consuetudinem
