2618 4770
109 236 204 349 ι’·
422 338 425 343 ,
563 258 741 343 aulana.
877 262 879 267 '
1104 238 1173 327 289

109 398 114 495 i
145 426 289 499 tamaris
305 421 440 513 syllabis
457 419 561 486 tribus
578 414 824 505 pronuntietur,
842 412 1174 503 quemadmndumlit

109 544 123 583 ι·
145 518 227 585 bodie
242 514 366 599 ubique
381 530 421 576 ex
438 529 552 582 more,
575 503 773 584 arridetur,
794 504 871 567 inde
888 526 906 567 u
925 503 1054 568 saeculo
1074 505 1175 590 quin-

109 650 113 677 2
148 617 175 671 to
195 603 382 689 depravatu.
425 594 473 659 Itu
492 595 590 657 etium
608 588 760 675 proinde
782 587 907 653 duabus
930 587 1064 676 syllabis
1090 612 1175 653 eon-

109 686 121 727 i·
150 689 243 757 dabat.
289 684 381 749 Tum
397 702 476 745 reru
491 704 510 744 a
525 677 630 767 puetis
653 675 868 740 recentissimi
894 676 963 740 nevi
984 673 1069 740 hanc
1093 697 1175 739 cen-

117 834 121 843 .
151 785 268 841 nactam
284 766 446 857 syllabam
462 784 575 831 rursus
592 760 737 825 solutum
750 783 838 845 esse,
861 759 1005 829 breviata
1020 762 1125 828 vocali
1139 761 1175 825 in

109 908 122 927 .·
156 860 195 946 ἀι,
212 879 317 948 pauca
337 848 518 919 ostendunt
537 846 701 935 exemplu.

109 970 116 989 '
142 1006 145 1013 ·
230 975 291 1030 lid.
307 976 440 1029 Burman.
460 969 696 1024 calathorum.
714 965 793 1019 Tam.
808 965 834 1019 1.
852 963 953 1034 plat.
980 963 1072 1018 Sidon.
1085 966 1176 1035 Apoll.

201 1065 232 1128 a,
245 1061 308 1115 272.
324 1078 372 1113 nee
388 1058 433 1126 qui
448 1055 576 1108 consimili
593 1053 688 1105 deiude
702 1069 763 1103 euru
783 1052 848 1104 irati
860 1054 919 1117 suit
938 1052 1075 1104 histrionis
1097 1052 1177 1103 ansul.
1278 1062 1281 1067 '

115 1190 118 1197 .
200 1145 327 1204 Prudeut.
343 1141 456 1195 Euehir.
472 1139 507 1204 l,
523 1138 552 1190 1:
567 1138 628 1189 Euo
646 1137 765 1188 columbo
781 1137 840 1201 suit
861 1144 924 1188 tunc
940 1135 1074 1199 candidu,
1094 1136 1178 1204 aigro
1230 1133 1242 1197 J

201 1232 300 1288 deiude.
341 1226 450 1280 Paulin.
465 1266 468 1273 .
481 1223 579 1277 Nolan.
609 1220 652 1274 24.
686 1221 749 1276 Nat.
776 1221 806 1275 S.
830 1221 890 1273 Fel.
914 1220 949 1286 9,
972 1218 1014 1273 45.
1045 1219 1094 1285 lt,
1117 1219 1177 1272 131.

202 1316 277 1387 Apud
286 1313 406 1368 Phaedr.
422 1310 447 1376 4,
457 1307 504 1376 25,
519 1307 558 1377 (3,
573 1305 631 1376 ²⁰.)
646 1305 690 1363 24.
706 1300 909 1378 'corruptionem
924 1305 1072 1359 verberum
1085 1320 1180 1371 ornnes

203 1398 291 1455 critici
310 1399 469 1469 umescunt.
772 1421 775 1426 ·
817 1423 820 1429 -

154 1536 300 1627 lienique,
322 1535 433 1624 prima
457 1531 583 1622 syllaba
607 1538 756 1679 provata,
779 1529 845 1594 iam
874 1533 1009 1620 antiquo
1027 1528 1181 1620 tempure

159 1624 348 1689 omittebatur
380 1631 527 1685 extrema
558 1615 609 1704 syl
624 1617 701 1679 aba:
732 1616 819 1680 unde
848 1615 972 1683 factum
1006 1619 1055 1684 est
1089 1610 1181 1704 (lem,

160 1711 225 1776 eain.
259 1709 353 1775 Nam
373 1704 478 1770 deind
502 1705 535 1769 in
553 1703 691 1766 modum
708 1701 887 1766 verborum
907 1705 1022 1790 volup,
1046 1691 1183 1782 diffieul

160 1794 333 1874 formatam,
355 1793 455 1881 etiam
471 1791 615 1855 litteram
632 1788 784 1851 ultimam
808 1791 935 1866 amisit,
960 1788 1183 1880 quemadmo-

161 1880 220 1946 dum
238 1903 280 1945 ex
301 1877 394 1944 umbi
409 1875 532 1942 factum
549 1883 617 1940 erat
633 1872 712 1939 amb
729 1882 761 1938 et
776 1896 845 1940 am.
891 1876 944 1941 Sic
961 1876 1056 1956 eudo·
1070 1866 1109 1931 fit
1131 1886 1182 1948 en,

162 1966 283 2053 planede
297 1986 410 2053 quum.

236 2089 277 2141 lle
296 2082 458 2155 integritate
472 2079 556 2134 huius
577 2080 700 2145 formae,
717 2078 746 2132 iu
765 2080 928 2148 scriptorum
940 2081 1021 2138 libris
1036 2102 1118 2156 saepe
1132 2089 1183 2141 nb-

121 2234 124 2243 ,
178 2192 181 2199 ·
207 2173 360 2236 litteratae,
381 2172 459 2221 extra
484 2173 629 2236 poetarum
651 2164 773 2217 earmina
797 2166 844 2241 vix
868 2173 959 2234 potest
980 2177 1055 2225 certe
1079 2173 1181 2227 iudicio

184 2238 187 2249 Ι
209 2256 311 2327 aliquid
331 2252 474 2319 affirmari.
523 2251 593 2304 Nam
618 2250 648 2303 in
673 2249 799 2319 plurimis
825 2250 965 2306 codicibus
994 2257 1088 2308 deiude
1114 2242 1184 2311 seri-

117 2344 121 2351 '
210 2349 281 2412 ptum
298 2346 340 2395 est
353 2338 513 2407 compendio
530 2333 598 2389 dein.
635 2335 788 2388 Gronovius
804 2336 970 2407 ubicumque
986 2341 1015 2392 ἰιι
1037 2341 1116 2394 bonis
1137 2358 1184 2395 cu-

212 2427 314 2480 dinibus
341 2425 485 2477 invenerat
507 2423 586 2486 dein,
604 2420 724 2474 restituit
745 2427 884 2490 tamqnam
906 2424 1104 2494 elegantiorem
1126 2428 1184 2480 lur-

109 2548 111 2557 .
211 2526 291 2564 mum.
309 2510 366 2562 vid.
389 2503 503 2561 anniv.
526 2505 559 2571 4,
580 2505 630 2570 32,
652 2503 678 2559 5.
708 2523 796 2574 neque
823 2507 904 2560 aliter
932 2511 1183 2566 Drakenborehius.

180 2580 183 2587 '
211 2595 262 2648 aa.
278 2595 314 2647 aa
326 2593 358 2659 a,
374 2593 407 2656 a,
421 2591 446 2644 e.
466 2593 501 2645 u.
518 2592 654 2644 uaesana.
670 2590 771 2644 aucta.
786 2592 819 2644 ne
832 2595 892 2647 un.
906 2592 932 2660 5,
949 2595 991 2661 ιι,
1004 2595 1047 2649 aa.
1073 2597 1185 2650 unam

212 2681 244 2733 ad
258 2681 340 2732 Brut.
356 2676 465 2749 aaut.
485 2676 615 2728 Gerlach.
632 2676 667 2728 ud
680 2677 791 2730 Sallust.
808 2679 866 2733 Cat.
880 2681 927 2743 32,
942 2680 968 2734 l.
985 2681 1064 2734 Kritz
1080 2681 1185 2734 ibidem

209 2769 237 2817 et
250 2764 285 2816 ad
299 2762 351 2826 59,
369 2762 394 2813 1.
431 2762 509 2827 Quae
523 2761 556 2813 de
572 2761 731 2834 discrimine
745 2752 951 2832 significationis
966 2756 1187 2819 disseruie’fler-

211 2847 305 2917 angius
329 2844 365 2898 ad
387 2846 498 2898 Sallust.
522 2846 581 2898 Cat.
601 2846 644 2898 32.
665 2853 693 2899 et
716 2845 758 2899 45.
782 2849 859 2916 quasi
881 2851 942 2902 dein
966 2850 1002 2903 sit
1023 2850 1185 2902 adverbium

211 2930 363 3000 temporale
381 2929 538 2998 significans
556 2932 693 2996 contiuuo,
714 2934 771 2984 aine
791 2950 882 3000 meru,
897 2939 996 3001 ausast,
1017 2936 1110 2988 deinde
1136 2953 1187 2991 uu-
1302 2994 1307 3003 ,

212 3022 268 3093 mm
291 3014 463 3082 coniunctio,
483 3032 553 3084 quae
578 3016 701 3068 ordinem
722 3017 841 3083 indicet,
865 3018 986 3097 inienuus,
1008 3019 1117 3082 omnino
1140 3036 1188 3073 ca-

211 3106 273 3154 rent
285 3099 409 3166 ratione,
430 3100 547 3168 ideoque
561 3101 633 3153 falsa
649 3106 718 3155 sunt.
753 3103 811 3156 Nec
826 3111 967 3158 coercetur
982 3122 1046 3157 usus
1066 3120 1100 3157 ca
1122 3121 1187 3158 eeu-

213 3186 335 3250 ditiunc,
355 3201 435 3253 quum
452 3184 542 3253 posuit
560 3185 697 3252 Kritnius,
714 3192 745 3239 ut
759 3189 852 3240 deinde
875 3190 962 3242 sulum'
981 3190 1143 3243 adhibeatur
1157 3172 1201 3242 iu¹

212 3270 405 3323 enumerando.
438 3268 557 3323 Brevior
579 3269 652 3322 enim
667 3271 757 3325 lurma
773 3273 906 3327 minorem
925 3276 1010 3328 habet
1030 3274 1102 3329 rime
1119 3291 1188 3345 qua-

216 3370 246 3407 re
261 3372 316 3407 nun
328 3355 461 3422 ponitur„
471 3355 519 3435 ubi
534 3355 659 3424 singulae
674 3363 765 3426 partes
782 3358 841 3414 sive
855 3359 985 3431 temperis
1002 3358 1061 3415 aire
1084 3358 1189 3414 ordinis

180 3447 184 3453 '
214 3437 366 3492 distinctius
380 3444 441 3492 sunt
456 3440 648 3511 designandae.

216 3571 253 3649 ¹L
299 3581 330 3640 1.
360 3574 527 3663 Significat
555 3599 687 3648 namna
718 3582 856 3670 proprie
877 3582 944 3647 loci
969 3563 1189 3648 continuatio-

133 3656 244 3741 nem,
265 3659 333 3729 siue
350 3680 393 3724 ex
414 3683 480 3746 quo
504 3666 579 3732 leco
602 3669 708 3754 aliqua
725 3669 818 3755 regio
834 3654 1026 3754 pffiut,
1053 3693 1116 3735 uon
1139 3668 1189 3732 du
1208 3702 1221 3715 =

135 3749 218 3815 “aa
237 3744 338 3832 idque
354 3747 475 3812 dicitur
498 3752 539 3816 de
562 3755 717 3841 proximo
741 3756 865 3842 spatio,
888 3756 978 3843 quod
998 3767 1077 3845 post
1101 3753 1190 3820 uliud

116 3854 121 3869 ·
167 3827 293 3929 <asilum
316 3841 383 3896 est:
405 3834 595 3903 weiterltin.
638 3839 768 3907 Eodem
783 3842 885 3908 mode
904 3842 984 3908 iude
1004 3854 1188 3932 usurpatur.

178 3925 265 3981 raeci
281 3919 432 4005 iuvandae.
1198 3954 1200 3960 ·

252 4035 312 4135 Idy.
327 4037 378 4104 22,
396 4037 427 4102 4,
442 4039 469 4092 2.
488 4047 514 4095 et
527 4042 582 4131 ium
598 4053 773 4113 peruenerant
787 4047 825 4101 ud
845 4050 903 4103 lacu
923 4051 1027 4106 insidiis
1040 4055 1124 4116 antu,
1144 4050 1191 4102 nbi

218 4130 447 4219 ammonentes
467 4133 630 4185 eudemones
651 4132 820 4189 Trasimenna
844 4137 930 4191 entitr
954 4138 1000 4194 aiu
1021 4141 1126 4196 tantm
1147 4135 1191 4189 ‘'¹²-
