2618 4770
132 274 261 347 ποθ’
631 266 701 336 DE.

131 437 219 502 citur
248 426 388 519 Scapula
416 443 570 491 coenam
597 424 711 491 statim
735 435 897 516 apparata
927 448 1042 498 coena.
1080 432 1153 501 'Ali

130 521 191 590 aed
205 521 291 585 iusta
305 534 420 581 caussa
435 519 486 576 cst
502 509 708 601 loquutionia
724 534 766 579 ear
778 526 940 603 tempore.

213 673 272 741 III.
316 674 347 735 1.
367 664 448 749 Illa,
473 687 575 753 quam
589 678 686 735 anton
700 668 948 754 illustravimus,
964 670 1059 736 notio
1077 669 1153 739 deda

129 761 224 831 cendi
254 779 317 849 pro
345 756 482 841 inquam
519 754 583 819 sibi
612 753 714 821 habet
742 756 777 821 in
807 779 845 821 re
874 779 969 845 perse
996 758 1105 823 uenda
1132 781 1153 822 v·

130 848 267 947 agenda
311 780 426 923 (Euam
441 839 532 903 enim
546 838 588 905 de
605 840 769 930 aliquare
784 844 929 928 agimus,
952 781 1103 908 adeunde
1123 867 1153 909 cc

129 931 298 1027 gitationis
324 927 375 993 vel
408 924 567 991 orationis
587 928 761 993 materiam
783 930 949 1017 petimus,
972 938 1030 994 aut
1052 932 1153 1029 cogita

130 1024 259 1088 tionem
277 1015 318 1081 ad
340 1021 471 1078 certum
491 1010 594 1078 finem
617 1013 662 1077 ita
680 1013 925 1101 perducimus‚·
938 1024 976 1077 ut
999 1037 1043 1079 ex
1067 1016 1153 1115 aliqu

128 1108 208 1174 loco
225 1110 382 1168 exeuntes
398 1096 576 1162 decurrere
589 1097 772 1165 videamur.
815 1096 930 1187 ltaque
946 1099 989 1163 de
1007 1112 1153 1167 materici

128 1204 163 1260 et
179 1210 329 1257 caussam
342 1185 392 1251 rci
406 1183 550 1270 agendae
567 1183 709 1249 indicat:
734 1185 776 1251 de
801 1204 868 1273 quo
892 1187 959 1250 iam
980 1185 1109 1251 dictum
1131 1208 1153 1253 a

130 1279 236 1344 Tom.
257 1282 288 1339 1.
316 1296 352 1360 p.
367 1272 422 1336 34.
472 1269 654 1335 Notissima
675 1282 771 1349 sunt,
801 1293 884 1357 quac
905 1269 946 1335 ad
968 1272 1069 1337 verba
1092 1274 1153 1361 cogi

101 1379 106 1389 ·
127 1362 239 1443 tandi,
262 1355 412 1434 dicendi,
436 1353 638 1432 disserendi,
658 1356 816 1420 narrandi
831 1354 1007 1444 pertinent,
1029 1369 1062 1421 et
1081 1372 1153 1447 argu

127 1458 282 1517 mentum
297 1444 453 1509 iudicant.
497 1439 567 1504 Alia
585 1441 783 1527 metaphora
799 1440 907 1506 Latini
930 1442 1045 1507 dicunt
1066 1466 1153 1531 cuper

128 1532 290 1602 Germani
308 1527 400 1594 iiber.
442 1524 480 1590 lu
506 1525 549 1593 de
571 1528 664 1612 quasi
690 1549 751 1616 per
772 1549 928 1616 campum
949 1528 999 1593 rei
1023 1529 1153 1605 dicenda

126 1622 180 1689 vel
207 1612 456 1704 cognoscendae
489 1609 725 1677 descendimus.
767 1613 803 1678 A
825 1612 985 1702 siguificat
1017 1618 1153 1703 a'ge'nteu

127 1706 172 1771 de
194 1727 269 1769 rem
291 1698 462 1789 agendam.
505 1697 589 1761 Pliu.
614 1696 678 1786 Ep.
700 1700 740 1781 4,
762 1703 805 1778 7,
830 1706 863 1764 7.
891 1700 1015 1764 eredas
1035 1726 1108 1767 noa
1133 1702 1153 1767 d

123 1813 232 1880 puero
262 1787 447 1873 scriptum,
480 1781 542 1847 aad
566 1806 589 1847 a
607 1806 728 1869 puero.
780 1783 946 1849 Charisius
973 1808 1008 1873 p.
1033 1792 1110 1852 209.
1137 1812 1153 1853 a

127 1899 204 1943 cero
233 1874 284 1939 de
314 1868 646 1955 catantiarum),
688 1868 778 1958 qnod
802 1870 930 1935 Graeci
952 1872 1021 1954 accpi
1045 1873 1153 1955 ylicem

124 1961 226 2051 qiaaai
241 1960 284 2024 de
299 1955 489 2031 Marcello,
511 1966 548 2019 ut
565 1954 635 2020 Cic.
651 1954 694 2020 de
710 1956 869 2020 amicitia
886 1958 945 2044 ·(l‚
964 1959 1006 2042 1.)
1031 1959 1074 2041 Q.
1097 1959 1151 2024 Mn

127 2049 196 2113 ἰίιιε
212 2066 328 2133 augur
342 2042 455 2107 multo
469 2051 617 2105 narrare
626 2041 677 2107 ,de
701 2040 879 2107 (3.1.αείιό
895 2064 1009 2107 socero
1027 2066 1089 2109 sno
1101 2068 1153 2111 me

127 2132 270 2199 moriter
287 2140 321 2195 et
335 2127 484 2193 monade
498 2123 640 2190 solebat.
683 2125 784 2191 Conf.
806 2128 962 2193 Priscian.
984 2151 1018 2216 p.
1037 2135 1113 2197 996.

231 2252 289 2307 cic.
305 2250 341 2304 do
357 2250 419 2305 Fiu.
433 2249 469 2315 1,
484 2247 517 2313 7,
532 2244 576 2300 22.
596 2247 759 2316 (Epicurus)
778 2248 846 2300 nitet
862 2247 894 2300 de
909 2248 1052 2304 dividendo
1066 2270 1099 2305 uc
1110 2268 1153 2323 put

192 2338 284 2393 tiendo
306 2337 389 2388 docet.
423 2334 501 2387 cuca.
517 2336 551 2388 B.
567 2333 633 2402 gall.
649 2333 740 2399 7,19.
757 2334 848 2402 itaque
864 2334 1016 2388 colonatus
1026 2336 1153 2389 Aedaocd

191 2422 374 2492 supportando
390 2427 550 2484 commeato,
568 2419 717 2488 praemittit
732 2418 769 2471 ad
787 2420 883 2484 Boios,
900 2420 945 2488 qni
959 2422 991 2473 de
1008 2438 1055 2474 suo
1077 2422 1153 2475 odota

193 2514 228 2562 to
242 2509 362 2560 doceant.
396 2503 508 2556 Sueton.
525 2504 603 2556 Caes.
620 2502 646 2555 9.
673 2502 706 2554 de
719 2504 770 2555 hac
790 2504 947 2574 significare
960 2506 1067 2558 videtur
1088 2512 1114 2561 et
1129 2507 1153 2558 Ci

192 2609 260 2645 cero.
296 2590 406 2642 Sallust.
431 2589 490 2640 (lat.
509 2584 620 2652 51,19.
641 2585 783 2640 delimare
798 2604 1024 2657 superuacaneum
1038 2596 1077 2643 est
1093 2590 1153 2643 disse

194 2693 261 2730 rere.
288 2673 337 2725 nbi
361 2675 435 2725 Cart.
462 2675 537 2725 curt.
554 2670 586 2737 4,
601 2671 634 2736 8,
651 2671 694 2724 la.
720 2663 821 2741 Rhodii
842 2680 868 2726 et
897 2674 959 2727 Citii
977 2676 1010 2727 de
1038 2676 1153 2745 praecidi

193 2760 380 2831 parabuntur.
415 2759 494 2811 Gaea.
517 2759 550 2811 B.
574 2773 604 2824 g.
627 2756 659 2822 7,
682 2753 724 2811 55.
750 2774 830 2827 quum
848 2784 884 2796 -
910 2760 943 2811 de
963 2766 1037 2812 stuta
1061 2758 1153 2812 civitat

178 2850 347 2915 =cogaoaseat
362 2840 513 2897 Licaticum
527 2840 652 2895 Bibracte
669 2843 703 2895 ab
724 2844 824 2897 Aeduis
845 2848 976 2912 receptam
992 2848 1046 2897 cte.
1073 2842 1153 2897 Hora·

193 2932 285 2985 carm.
300 2927 334 2992 4,
348 2927 383 2993 t,
399 2925 441 2981 21.
460 2946 539 2996 quum
557 2929 635 2980 semel
652 2925 776 2981 occideris
789 2932 816 2983 et
832 2927 864 2980 de
887 2934 913 2983 te
926 2926 1068 2997 splendida
1086 2928 1153 2981 Mine

180 3010 286 3082 'fierit
302 3012 425 3066 arbitria.
461 3012 518 3066 Cic.
537 3012 572 3065 ad
592 3010 695 3078 1111,
709 3012 736 3066 2.
761 3012 795 3066 dc
815 3011 948 3082 epistola:
967 3021 1026 3066 crat
1048 3014 1118 3067 caim
1141 3016 1153 3066 d

193 3116 224 3151 re
246 3098 367 3166 publica,
401 3098 434 3150 de
459 3095 588 3165 opinione.
625 3096 660 3148 de
684 3094 793 3164 Dim,
809 3097 842 3162 1,
857 3097 883 3151 3.
907 3104 961 3150 tres
982 3096 1045 3151 litai
1060 3103 1153 3168 perfia

193 3183 302 3235 anaide
319 3189 420 3233 cutura
435 3180 549 3234 deorum.
583 3181 682 3235 Paullo
697 3188 776 3235 antea
801 3183 902 3251 primus
925 3190 963 3234 est
976 3184 1045 3235 caim
1062 3186 1095 3236 de
1110 3202 1153 3235 eoa

190 3265 333 3320 temnenda
355 3272 447 3318 morta
481 3265 515 3319 de
530 3267 590 3321 lnv.
606 3267 639 3332 1,
655 3266 705 3333 29,
718 3266 761 3320 29.
786 3284 854 3337 qnae
872 3275 1015 3336 praecepta
1035 3268 1069 3321 de
1086 3268 1153 3322 breui

194 3357 250 3405 tate
268 3354 338 3402 aaut.

226 3450 339 3504 Sallust.
363 3450 422 3504 usa.
444 3448 476 3519 5,
504 3449 530 3506 9.
568 3452 601 3508 de
620 3452 736 3509 moritus
760 3453 877 3508 civitatis
899 3458 1000 3524 tempas
1022 3452 1153 3511 samosat

191 3538 270 3592 Caes.
292 3538 325 3590 B.
342 3538 408 3606 gall.
422 3535 454 3601 5,
471 3535 514 3592 41.
538 3534 643 3593 adducit
664 3542 745 3593 etium
764 3540 797 3593 de
820 3538 916 3592 Sabini
932 3547 1022 3593 morte.
1057 3542 1153 3595 Sallus:

192 3625 252 3677 Cat.
268 3617 300 3688 4,
316 3620 342 3674 3.
367 3623 400 3674 da
418 3623 552 3675 Catilinae
571 3624 749 3677 coniuratione
766 3648 802 3663 ·-
815 3625 910 3694 paucis
931 3622 1076 3679 abaciam.
1111 3624 1153 3679 'l'a

188 3706 235 3761 cit.
256 3707 330 3760 lust.
352 3704 385 3772 4,
410 3704 452 3758 48.
479 3726 510 3760 eo
533 3711 565 3760 dc
581 3711 659 3762 caede
685 3728 765 3777 quam
785 3711 918 3763 uerissime
932 3710 1078 3778 expediam.
1112 3711 1154 3764 vn·

189 3794 264 3846 (loct.
279 3792 314 3845 ad
330 3792 441 3846 Sallust.
459 3794 511 3845 loe.
536 3795 646 3845 Sneton.
665 3792 728 3846 Tib.
742 3793 786 3846 17.
803 3796 849 3846 aed
866 3796 899 3848 de
915 3794 1071 3864 cognomine
1083 3793 1153 3849 inter

186 3878 263 3930 cessit
285 3877 430 3945 Augustae.
467 3877 524 3931 Cic.
547 3878 581 3929 de
597 3879 673 3932 Orat.
687 3877 720 3943 2,
739 3879 788 3944 19,
805 3879 848 3934 83.
872 3880 1018 3946 artificium
1040 3895 1097 3933 esee
1118 3884 1153 3935 lio

186 3962 320 4032 meddam
336 3978 390 4012 noa
411 3960 536 4015 discimile
556 3970 713 4029 celeremus,
731 3961 875 4017 cuiusmodi
891 3965 923 4016 de
944 3964 1000 4031 ipsa
1017 3962 1076 4016 iare
1093 3962 1153 4017 eicit

185 4047 305 4099 aalma
331 4046 374 4098 die
401 4048 512 4100 Cruenta
532 4047 651 4117 componi
675 4064 753 4120 pesae
775 4047 887 4102 dicebat.
923 4046 1036 4101 Terent.
1060 4046 1153 4103 usui

183 4126 660 4198 &amnemamnem
679 4139 770 4201 ma,
793 4130 924 4205 pata
945 4122 1153 4204 ianam
