2618 4770
507 265 724 351 EQ'VIDEM.
923 314 925 319 ·
1078 278 1147 345 427-

109 424 299 499 neibulum·
316 424 358 491 nd
384 424 618 513 designandam
650 437 682 491 et
712 426 973 493 confirmandum
993 428 1075 497 're‘m
1101 436 1142 498 ab

109 532 183 599 nso,
198 513 255 598 qui
271 514 438 599 loquitur,
454 517 587 588 saetam.
632 515 744 595 Quare
762 524 915 601 usurpet,
945 517 1000 606 qui
1018 520 1144 605 aliquid

122 621 167 663 se
188 620 267 663 vere
288 598 416 671 fuctum
441 624 509 672 esse
533 600 630 681 dieii,
656 610 712 663 eut
732 600 855 684 aliq‘uid
878 600 919 663 de
936 624 970 665 se
989 603 1143 675 affirmat.

109 684 260 770 mprimis
284 706 360 752 vero
379 686 419 757 de
442 688 602 757 sententia
624 696 656 749 et
681 685 722 747 de
745 688 875 759 animo:
900 709 1001 772 quare
1017 694 1143 776 saepis-

109 768 175 835 ime
191 772 408 858 componitur
430 794 507 837 eum
530 773 634 836 verbis
651 782 757 858 puta,
777 772 878 859 ecio,
902 773 1022 855 ereda,
1046 776 1143 841 ardi-

109 876 184 941 νον,
200 862 242 930 'ut
257 859 306 937 ei,
326 859 386 944 qui
403 859 511 940 audit,
535 880 671 929 omnem
689 856 928 929 dubitationem
945 862 1078 936 eximat.

195 1014 288 1068 Plane.
303 1014 403 1083 Amph.
423 1014 451 1080 1,
471 1013 498 1077 1,
521 1011 584 1067 255.
606 1013 727 1082 ¹equidem
751 1012 828 1064 Sosia
850 1015 1052 1083 Amphitruonis
1076 1036 1142 1073 sum.

156 1098 277 1165 2,2,81.
307 1119 348 1153 sn.
375 1101 496 1153 Insania.
526 1116 571 1167 sxa.
598 1099 728 1166 Equidem
744 1115 813 1149 sana
827 1116 892 1151 sum.
928 1100 1142 1157 Terentllenu.

158 1183 285 1251 3,2,36.
308 1186 394 1253 facile
408 1185 528 1254 equidem
536 1186 629 1250 faeere
642 1199 762 1251 passum,
777 1181 812 1234 ei
831 1183 911 1235 iubes.
929 1182 954 1248 4,
971 1183 997 1249 3,
1011 1184 1055 1237 31.
1082 1189 1143 1240 ituie

159 1270 281 1339 equidem
296 1271 403 1325 consilia
417 1270 536 1338 palmum
556 1268 598 1320 da.
634 1268 726 1319 Pinut.
748 1266 833 1319 Poen.
847 1265 874 1331 l,
892 1267 918 1331 2,
934 1266 977 1321 82.
1005 1287 1052 1322 aa.
1078 1272 1095 1323 1
1113 1273 1144 1323 ia

157 1354 262 1409 maiam
276 1373 339 1408 rem.
365 1372 408 1407 sn.
433 1354 477 1406 iii
491 1370 549 1405 sum
562 1352 689 1421 equidem.
725 1348 782 1403 cic.
799 1350 833 1402 ud
845 1351 923 1403 Fam.
934 1350 960 1417 6,
972 1351 1049 1418 4,14.
1070 1358 1143 1424 equi.

158 1440 221 1493 dem
242 1441 309 1504 midi
332 1439 421 1504 amnia
438 1455 566 1520 properie,
585 1436 620 1499 de
634 1435 696 1491 Fin.
713 1434 741 1510 2,
755 1434 781 1513 9,
793 1434 837 1491 28.
872 1437 942 1517 qnod
956 1439 1074 1506 equidem
1089 1459 1143 1500 nan

159 1526 334 1595 mmmmm
1206 1533 1209 1539 '

169 1662 173 1667 -
197 1628 269 1681 Cum
281 1626 441 1697 praeterito.
476 1627 589 1681 Terent.
604 1628 674 1680 Eun.
689 1627 715 1693 2,
731 1624 812 1692 332,
829 1626 859 1679 id
869 1628 987 1695 equidem
1002 1630 1143 1683 adueniens

109 1756 111 1761 .
158 1728 259 1773 meeum
266 1714 453 1766 stomachabar
460 1713 545 1773 moda.
562 1712 624 1778 2,3,
632 1712 674 1767 m.
692 1713 801 1764 iocabar
809 1712 933 1779 equidem.
953 1713 1023 1765 lieu.
1031 1713 1057 1778 2,
1065 1713 1090 1778 1,
1099 1714 1142 1767 22.

117 1824 132 1839 -·
159 1797 320 1865 iampridem
341 1797 459 1864 equidem
482 1798 590 1862 audiui,
614 1798 709 1865 cepisse
729 1797 817 1849 edium
838 1797 879 1849 tui
901 1796 1090 1850 Philumenam.
1115 1798 1142 1864 5,

144 1881 187 1949 -4,
203 1880 247 1935 39.
266 1881 384 1951 equidem
399 1882 459 1948 pius
480 1881 558 1933 lindie
580 1881 641 1933 iani
654 1882 711 1947 feei
726 1882 879 1949 imprudens
893 1876 1068 1948 quum'seiens
1081 1891 1144 1937 ante

159 1968 232 2020 hese
251 1967 320 2024 diem
341 1982 474 2032 umquam,
508 1965 588 2032 Epid.
605 1964 632 2030 3,
651 1963 676 2028 4,
691 1964 733 2017 48.
753 1966 873 2033 equidem
894 1966 980 2017 iterate
1000 1976 1144 2037 argentum

158 2053 274 2122 prolem
288 2051 358 2104 dedi.
392 2051 480 2101 Mete.
493 2049 520 2123 2,
533 2049 561 2114 3,
570 2049 613 2103 66.
649 2049 761 2110 Terent.
776 2050 866 2102 liena.
882 2048 908 2114 4,
924 2050 983 2114 1,3
1002 2053 1058 2104 disi
1070 2055 1144 2121 eqni-

159 2137 236 2201 dem,
255 2135 302 2192 nii
316 2136 354 2189 mi
368 2135 521 2199 ostendisti,
539 2135 598 2187 iiico
613 2152 671 2186 eum
685 2152 746 2186 esse.
763 2133 783 2186 i.
800 2150 824 2186 e.
842 2135 886 2185 tm
900 2136 967 2186 isaie
979 2137 1013 2201 ja
1027 2139 1144 2206 segle-'cb

158 2229 269 2293 gange,
299 2222 398 2272 Horat.
421 2220 478 2271 Sat.
492 2219 519 2284 2,
539 2216 566 2282 5,
589 2217 633 2278 23,
653 2218 710 2270 diei
725 2219 858 2286 equidem,
884 2227 909 2271 et
931 2220 996 2271 dieo.
1035 2221 1092 2274 Cic.
1109 2222 1144 2274 de

137 2304 224 2370 'nia
242 2305 268 2371 1,
284 2303 368 2371 6,11.
386 2306 470 2367 nihii,
490 2304 594 2371 inquit,
620 2304 738 2371 equidem
761 2303 831 2356 neni.
856 2303 891 2354 nd
905 2303 982 2356 Fam.
997 2305 1040 2372 ll,
1055 2306 1099 2371 29,
1116 2307 1152 2360 4.·

159 2392 281 2461 equidem
296 2398 322 2443 et
337 2393 399 2441 aute
413 2389 462 2440 iure
473 2394 574 2455 tempus
588 2394 614 2439 te
630 2388 726 2452 diiene',
761 2394 787 2439 et
800 2405 900 2459 semper
914 2405 955 2441 me
977 2408 995 2441 a
1016 2397 1043 2453 ie
1064 2391 1146 2461 diligi

159 2477 240 2529 senei.
266 2476 309 2540 12,
320 2473 363 2538 39,
374 2472 399 2525 9.
418 2472 543 2540 requisivi
555 2472 672 2540 equidem
680 2472 807 2541 proprias
817 2473 853 2525 nd
868 2491 1003 2526 mennam
1011 2476 1144 2550 epistulas.

157 2559 205 2625 16,
223 2560 266 2626 12,
282 2559 307 2612 2.
337 2558 471 2627 equidem,
497 2564 528 2607 ut
549 2557 609 2610 ueni
632 2558 669 2623 ad
691 2559 797 2621 urbem,
823 2574 877 2608 nan
895 2559 985 2610 destiti
1010 2561 1099 2612 amnia
1118 2566 1145 2615 ei

110 2682 114 2687 -
158 2646 258 2699 sentire
269 2652 295 2697 et
310 2645 403 2703 dicere.
429 2640 530 2720 virgil.
547 2642 598 2697 Ge.
611 2641 637 2707 1,
653 2639 712 2705 193,
730 2643 831 2705 semina
844 2642 901 2704 nidi
916 2645 1034 2712 equidem
1048 2647 1145 2699 multae

159 2730 294 2792 medieare
308 2736 430 2790 serentes,

134 2864 137 2869 -
199 2831 269 2884 Cum
288 2818 390 2883 intuta.
423 2828 536 2881 Terent.
554 2828 624 2881 And.
641 2827 667 2892 2,
683 2827 708 2893 1,
724 2828 767 2890 21,
796 2830 865 2882 daia
889 2834 1006 2900 equidem
1027 2850 1145 2902 operam.

162 2916 255 2971 Plane.
272 2917 317 2968 As.
331 2914 357 2978 3,
371 2913 397 2979 3,
412 2912 454 2972 11.
478 2931 543 2965 nam
562 2914 681 2980 equidem
702 2930 756 2977 me,
784 2916 839 2967 iam
860 2924 987 2984 quantum
1005 2925 1108 2984 potest,
1127 2936 1145 2971 a

159 3002 221 3055 sire
240 3000 407 3054 atiudieaia.
443 2997 518 3049 Pers.
538 2995 658 3060 1,1,.45.
678 3014 804 3066 quaeram
818 3002 952 3068 equidem,
979 3002 1002 3052 si
1017 3003 1075 3069 quis
1090 3019 1146 3054 ere·
1205 2988 1208 2993 “
1254 3046 1256 3050 .

159 3088 221 3141 dat.
252 3085 309 3138 Cic.
332 3085 367 3147 ad
389 3083 467 3142 Fam.
483 3079 509 3145 3,
522 3079 547 3144 3,
569 3078 595 3132 6.
618 3082 745 3149 equidem'
757 3102 808 3154 pre
830 3102 874 3150 ea,
899 3087 993 3155 quanti
1015 3093 1042 3138 ie
1059 3087 1145 3153 jacie,

159 3171 291 3245 quidquid
301 3171 413 3237 feceris,
433 3167 595 3236 approbabo·
615 3167 640 3230 2,
656 3166 682 3231 3,
697 3166 738 3229 2„

196 3272 432 3336 Plane.ss,1,1,
450 3267 492 3320 31.
520 3268 638 3335 equidem
655 3271 707 3322 seia
727 3269 796 3323 iam·
819 3269 931 3326 Terent.
949 3274 999 3325 Ad.
1017 3272 1043 3339 4,
1060 3272 1086 3339 1,
1101 3273 1146 3329 39.

114 3390 118 3397 -
159 3359 283 3430 squidem
295 3357 420 3409 arbitror.
447 3351 506 3406 Gie.
522 3353 649 3414 ed‘Fsm.
665 3351 691 3417 5,
705 3355 732 3419 2,
747 3354 773 3408 5.
796 3356 887 3409 Plaut
901 3357 1000 3409 Peeud.
1017 3357 1043 3424 5,
1058 3358 1085 3424 2,
1102 3360 1144 3415 19.

159 3446 240 3498 erem
251 3443 368 3511 equidem
377 3447 478 3508 potesse
491 3438 533 3503 ie,
552 3440 643 3504 eteius,
653 3440 760 3491 Massici
774 3442 870 3493 mantis
879 3442 1024 3496 uberrimae
1032 3452 1147 3513 quatum·

112 3558 123 3571 ··
153 3532 266 3597 fruetus
281 3527 382 3585 ebibere
397 3525 426 3574 in
439 3532 495 3576 una
509 3525 585 3603 horu.
608 3525 691 3576 l‘oen.
707 3522 734 3589 5,
748 3522 824 3589 4,11.
842 3545 917 3595 spero
932 3530 1058 3597 equidem.
1072 3528 1145 3585 'cta

122 3620 126 3625 '
162 3612 200 3667 ad
214 3613 292 3663 Fam.
307 3609 350 3674 16,
365 3607 408 3672 21,
424 3607 450 3660 1.
475 3609 536 3669 Aul.
554 3607 579 3673 4,
594 3607 619 3672 9,
635 3608 661 3660 2.
687 3614 766 3676 atque
786 3611 904 3679 equidem
926 3630 976 3680 qua
997 3630 1076 3679 eam,
1096 3621 1145 3669 aut

160 3697 212 3751 eet
226 3697 293 3758 sim,
323 3701 371 3745 ant
393 3695 438 3761 qui
458 3694 523 3758 sim,
549 3711 645 3762 nequeo
669 3711 728 3746 eum
748 3694 839 3747 anima
854 3702 956 3747 eertum
974 3696 1149 3768 inuestigare.

165 3780 224 3835 cic.
241 3780 276 3831 nd
289 3780 368 3831 Fam.
382 3776 407 3843 6,
420 3777 446 3841 4,
455 3776 481 3828 9.
497 3779 628 3845 equidem,
644 3796 692 3829 nas
710 3779 779 3846 qued
792 3780 893 3832 Iinmue
906 3797 1011 3847 summ,
1028 3785 1147 3838 miseni<

162 3882 236 3919 mum
257 3881 312 3916 esse
327 3865 400 3915 duco.
435 3859 563 3926 9,6,11.
589 3864 708 3931 equidem
730 3864 776 3915 itas
798 3871 856 3916 tuos
874 3867 1077 3919 tmeuianenses'
1090 3870 1146 3922 dies

162 3950 253 4002 instar
274 3965 327 3999 esse
348 3948 420 3998 uitae
432 3953 507 4021 puin.
527 3944 553 4010 9,
572 3946 656 4010 13,1.
689 3944 716 4011 5,
732 3947 776 4011 12,
794 3946 819 4000 6.
844 3950 961 4017 equidem
978 3954 1014 4004 ad
1028 3959 1147 4005 nastrum

163 4034 271 4085 laudem
283 4050 338 4083 aaa
345 4032 456 4082 muitum
469 4030 545 4080 uiden
557 4030 687 4084 interesse.
706 4031 748 4097 13,
763 4032 790 4097 1,
804 4031 846 4085 19.
864 4031 907 4097 13,
917 4032 959 4097 12,
971 4034 998 4087 3.
1015 4034 1057 4100 15,
1068 4036 1111 4102 15,
1119 4037 1145 4091 4.

166 4114 211 4183 15,
220 4113 246 4182 4,
253 4114 297 4170 36.
314 4116 433 4187 equidem
447 4114 529 4169 etiam
542 4115 608 4167 mis·
621 4116 689 4170 iliud
705 4118 824 4171 nmmum
837 4118 981 4172 advertisse
996 4121 1094 4177 uidear.
