<?xml version="1.0" encoding="UTF-8"?>
<!DOCTYPE html PUBLIC "-//W3C//DTD XHTML 1.0 Transitional//EN"
    "http://www.w3.org/TR/xhtml1/DTD/xhtml1-transitional.dtd">
<html xmlns="http://www.w3.org/1999/xhtml" xml:lang="en" lang="en">
 <head>
  <title>
</title>
<meta http-equiv="Content-Type" content="text/html;charset=utf-8" />
  <meta name='ocr-system' content='tesseract 3.04.00' />
  <meta name='ocr-capabilities' content='ocr_page ocr_carea ocr_par ocr_line ocrx_word'/>
</head>
<body>
  <div class='ocr_page' id='page_1' title='image "./tursellinusseud02handgoog_0697.png"; bbox 0 0 2664 4756; ppageno 0'>
   <div class='ocr_carea' id='block_1_1' title="bbox 182 268 800 358">
    <p class='ocr_par' dir='ltr' id='par_1_1' title="bbox 182 267 800 358">
     <span class='ocr_line' id='line_1_1' title="bbox 182 268 800 358; baseline -0.003 -15"><span class='ocrx_word' id='word_1_1' title='bbox 182 286 248 358; x_wconf 76' lang='lat' dir='ltr'><strong>aaa</strong></span> <span class='ocrx_word' id='word_1_2' title='bbox 375 278 382 297; x_wconf 77' lang='lat'><strong><em>⁴</em></strong></span> <span class='ocrx_word' id='word_1_3' title='bbox 554 292 561 317; x_wconf 48' lang='grc' dir='ltr'><strong>ε</strong></span> <span class='ocrx_word' id='word_1_4' title='bbox 620 268 800 343; x_wconf 80' lang='lat' dir='ltr'><strong>anana.</strong></span> 
     </span>
    </p>
   </div>
   <div class='ocr_carea' id='block_1_2' title="bbox 124 428 1240 1459">
    <p class='ocr_par' dir='ltr' id='par_1_2' title="bbox 124 428 1240 1459">
     <span class='ocr_line' id='line_1_2' title="bbox 181 428 1240 519; baseline -0.008 -13"><span class='ocrx_word' id='word_1_5' title='bbox 181 452 242 509; x_wconf 80' lang='lat' dir='ltr'><strong>est.</strong></span> <span class='ocrx_word' id='word_1_6' title='bbox 284 437 422 503; x_wconf 84' lang='lat' dir='ltr'><strong>Brevior</strong></span> <span class='ocrx_word' id='word_1_7' title='bbox 443 431 573 500; x_wconf 87' lang='lat' dir='ltr'><strong>forma.</strong></span> <span class='ocrx_word' id='word_1_8' title='bbox 606 441 645 505; x_wconf 87' lang='lat' dir='ltr'><strong>ut</strong></span> <span class='ocrx_word' id='word_1_9' title='bbox 667 441 771 519; x_wconf 87' lang='lat' dir='ltr'><strong>puto,</strong></span> <span class='ocrx_word' id='word_1_10' title='bbox 803 428 848 497; x_wconf 88' lang='lat' dir='ltr'><strong>ob</strong></span> <span class='ocrx_word' id='word_1_11' title='bbox 875 440 1028 494; x_wconf 85' lang='lat' dir='ltr'><strong>accentus</strong></span> <span class='ocrx_word' id='word_1_12' title='bbox 1056 431 1240 497; x_wconf 86' lang='lat' dir='ltr'><strong>difficulta-</strong></span> 
     </span>
     <span class='ocr_line' id='line_1_3' title="bbox 180 513 1239 591; baseline -0.008 0"><span class='ocrx_word' id='word_1_13' title='bbox 180 539 250 591; x_wconf 86' lang='lat' dir='ltr'><strong>tem</strong></span> <span class='ocrx_word' id='word_1_14' title='bbox 264 523 349 588; x_wconf 83' lang='lat' dir='ltr'><strong>facta</strong></span> <span class='ocrx_word' id='word_1_15' title='bbox 363 532 412 585; x_wconf 89' lang='lat' dir='ltr'><strong>est</strong></span> <span class='ocrx_word' id='word_1_16' title='bbox 427 518 514 582; x_wconf 81' lang='lat' dir='ltr'><strong>exin.</strong></span> <span class='ocrx_word' id='word_1_17' title='bbox 557 513 609 580; x_wconf 84' lang='lat' dir='ltr'><strong>Cf.</strong></span> <span class='ocrx_word' id='word_1_18' title='bbox 632 528 797 582; x_wconf 55' lang='lat' dir='ltr'><strong>amamus</strong></span> <span class='ocrx_word' id='word_1_19' title='bbox 821 515 884 580; x_wconf 83' lang='lat' dir='ltr'><strong>Alii</strong></span> <span class='ocrx_word' id='word_1_20' title='bbox 905 515 1002 578; x_wconf 91' lang='lat' dir='ltr'><strong>huius</strong></span> <span class='ocrx_word' id='word_1_21' title='bbox 1017 518 1071 580; x_wconf 88' lang='lat' dir='ltr'><strong>rei</strong></span> <span class='ocrx_word' id='word_1_22' title='bbox 1088 540 1239 583; x_wconf 87' lang='lat' dir='ltr'><strong>caussam</strong></span> 
     </span>
     <span class='ocr_line' id='line_1_4' title="bbox 181 601 1240 691; baseline -0.008 -14"><span class='ocrx_word' id='word_1_23' title='bbox 181 615 217 689; x_wconf 82' lang='lat' dir='ltr'><strong>ia</strong></span> <span class='ocrx_word' id='word_1_24' title='bbox 241 620 349 677; x_wconf 83' lang='lat' dir='ltr'><strong>metro</strong></span> <span class='ocrx_word' id='word_1_25' title='bbox 375 603 615 691; x_wconf 77' lang='lat' dir='ltr'><strong>quaesiverunt.</strong></span> <span class='ocrx_word' id='word_1_26' title='bbox 675 601 806 681; x_wconf 68' lang='lat' dir='ltr'><strong>iectast</strong></span> <span class='ocrx_word' id='word_1_27' title='bbox 847 601 948 666; x_wconf 85' lang='lat' dir='ltr'><strong>exin</strong></span> <span class='ocrx_word' id='word_1_28' title='bbox 975 603 1087 666; x_wconf 81' lang='lat' dir='ltr'><strong>metri</strong></span> <span class='ocrx_word' id='word_1_29' title='bbox 1111 627 1240 668; x_wconf 76' lang='lat' dir='ltr'><strong>carasca</strong></span> 
     </span>
     <span class='ocr_line' id='line_1_5' title="bbox 124 684 1239 779; baseline -0.004 -21"><span class='ocrx_word' id='word_1_30' title='bbox 124 752 130 764; x_wconf 83' lang='grc'><strong>,</strong></span> <span class='ocrx_word' id='word_1_31' title='bbox 182 696 311 775; x_wconf 74' lang='lat' dir='ltr'><strong>dicitur</strong></span> <span class='ocrx_word' id='word_1_32' title='bbox 326 713 390 779; x_wconf 84' lang='lat' dir='ltr'><strong>pra</strong></span> <span class='ocrx_word' id='word_1_33' title='bbox 412 684 583 755; x_wconf 80' lang='lat' dir='ltr'><strong>exinde.</strong></span> <span class='ocrx_word' id='word_1_34' title='bbox 636 687 699 761; x_wconf 85' lang='lat' dir='ltr'><strong>Sed</strong></span> <span class='ocrx_word' id='word_1_35' title='bbox 748 686 865 753; x_wconf 85' lang='lat' dir='ltr'><strong>rosaici</strong></span> <span class='ocrx_word' id='word_1_36' title='bbox 887 707 1022 772; x_wconf 87' lang='lat' dir='ltr'><strong>quoque</strong></span> <span class='ocrx_word' id='word_1_37' title='bbox 1054 690 1239 776; x_wconf 74' lang='lat' dir='ltr'><strong>scriptores</strong></span> 
     </span>
     <span class='ocr_line' id='line_1_6' title="bbox 182 771 1240 849; baseline -0.009 0"><span class='ocrx_word' id='word_1_38' title='bbox 182 780 347 849; x_wconf 78' lang='lat' dir='ltr'><strong>eaiorma</strong></span> <span class='ocrx_word' id='word_1_39' title='bbox 372 775 423 845; x_wconf 87' lang='lat' dir='ltr'><strong>usi</strong></span> <span class='ocrx_word' id='word_1_40' title='bbox 446 782 533 836; x_wconf 86' lang='lat' dir='ltr'><strong>sunt.</strong></span> <span class='ocrx_word' id='word_1_41' title='bbox 575 771 692 843; x_wconf 81' lang='lat' dir='ltr'><strong>Cicero</strong></span> <span class='ocrx_word' id='word_1_42' title='bbox 742 784 804 837; x_wconf 88' lang='lat' dir='ltr'><strong>rat.</strong></span> <span class='ocrx_word' id='word_1_43' title='bbox 817 776 871 847; x_wconf 77' lang='lat'><strong>45,</strong></span> <span class='ocrx_word' id='word_1_44' title='bbox 890 775 961 837; x_wconf 73' lang='lat'><strong>154.</strong></span> <span class='ocrx_word' id='word_1_45' title='bbox 992 771 1106 838; x_wconf 76' lang='lat' dir='ltr'><strong>dein</strong></span> <span class='ocrx_word' id='word_1_46' title='bbox 1132 775 1240 840; x_wconf 83' lang='lat' dir='ltr'><strong>etium</strong></span> 
     </span>
     <span class='ocr_line' id='line_1_7' title="bbox 181 856 1238 953; baseline -0.008 -20"><span class='ocrx_word' id='word_1_47' title='bbox 181 888 287 953; x_wconf 78' lang='lat' dir='ltr'><strong>saepe</strong></span> <span class='ocrx_word' id='word_1_48' title='bbox 320 874 353 927; x_wconf 84' lang='lat' dir='ltr'><strong>et</strong></span> <span class='ocrx_word' id='word_1_49' title='bbox 385 861 486 929; x_wconf 79' lang='lat' dir='ltr'><strong>enin</strong></span> <span class='ocrx_word' id='word_1_50' title='bbox 519 880 584 947; x_wconf 81' lang='lat' dir='ltr'><strong>pra</strong></span> <span class='ocrx_word' id='word_1_51' title='bbox 612 857 775 923; x_wconf 87' lang='lat' dir='ltr'><strong>deinde</strong></span> <span class='ocrx_word' id='word_1_52' title='bbox 809 871 843 923; x_wconf 88' lang='lat' dir='ltr'><strong>et</strong></span> <span class='ocrx_word' id='word_1_53' title='bbox 873 856 1034 923; x_wconf 82' lang='lat' dir='ltr'><strong>exinde</strong></span> <span class='ocrx_word' id='word_1_54' title='bbox 1073 858 1238 925; x_wconf 83' lang='lat' dir='ltr'><strong>dicimus.</strong></span> 
     </span>
     <span class='ocr_line' id='line_1_8' title="bbox 181 942 1239 1039; baseline -0.006 -23"><span class='ocrx_word' id='word_1_55' title='bbox 181 958 290 1039; x_wconf 77' lang='lat' dir='ltr'><strong>Atque</strong></span> <span class='ocrx_word' id='word_1_56' title='bbox 319 948 384 1013; x_wconf 90' lang='lat' dir='ltr'><strong>hoc</strong></span> <span class='ocrx_word' id='word_1_57' title='bbox 407 965 512 1011; x_wconf 71' lang='lat' dir='ltr'><strong>aluum</strong></span> <span class='ocrx_word' id='word_1_58' title='bbox 541 942 765 1015; x_wconf 83' lang='lat' dir='ltr'><strong>videturesse</strong></span> <span class='ocrx_word' id='word_1_59' title='bbox 794 966 838 1009; x_wconf 82' lang='lat' dir='ltr'><strong>ax</strong></span> <span class='ocrx_word' id='word_1_60' title='bbox 861 945 901 1007; x_wconf 87' lang='lat' dir='ltr'><strong>iis</strong></span> <span class='ocrx_word' id='word_1_61' title='bbox 924 944 1096 1009; x_wconf 80' lang='lat' dir='ltr'><strong>vocabulis</strong></span> <span class='ocrx_word' id='word_1_62' title='bbox 1122 947 1239 1033; x_wconf 87' lang='lat' dir='ltr'><strong>singu-</strong></span> 
     </span>
     <span class='ocr_line' id='line_1_9' title="bbox 179 1029 1239 1119; baseline -0.007 -14"><span class='ocrx_word' id='word_1_63' title='bbox 179 1039 322 1111; x_wconf 84' lang='lat' dir='ltr'><strong>laribus,</strong></span> <span class='ocrx_word' id='word_1_64' title='bbox 359 1054 443 1119; x_wconf 86' lang='lat' dir='ltr'><strong>quaa</strong></span> <span class='ocrx_word' id='word_1_65' title='bbox 466 1030 554 1114; x_wconf 89' lang='lat' dir='ltr'><strong>apud</strong></span> <span class='ocrx_word' id='word_1_66' title='bbox 576 1029 737 1116; x_wconf 87' lang='lat' dir='ltr'><strong>quosdam</strong></span> <span class='ocrx_word' id='word_1_67' title='bbox 753 1032 939 1117; x_wconf 79' lang='lat' dir='ltr'><strong>scriptores</strong></span> <span class='ocrx_word' id='word_1_68' title='bbox 962 1039 1021 1093; x_wconf 89' lang='lat' dir='ltr'><strong>aut</strong></span> <span class='ocrx_word' id='word_1_69' title='bbox 1042 1052 1239 1118; x_wconf 80' lang='lat' dir='ltr'><strong>numquam</strong></span> 
     </span>
     <span class='ocr_line' id='line_1_10' title="bbox 180 1112 1238 1199; baseline -0.011 -12"><span class='ocrx_word' id='word_1_70' title='bbox 180 1133 237 1191; x_wconf 85' lang='lat' dir='ltr'><strong>aut</strong></span> <span class='ocrx_word' id='word_1_71' title='bbox 253 1142 330 1187; x_wconf 85' lang='lat' dir='ltr'><strong>raro</strong></span> <span class='ocrx_word' id='word_1_72' title='bbox 348 1119 567 1189; x_wconf 85' lang='lat' dir='ltr'><strong>inveniuntur.</strong></span> <span class='ocrx_word' id='word_1_73' title='bbox 609 1115 694 1183; x_wconf 84' lang='lat' dir='ltr'><strong>Nam</strong></span> <span class='ocrx_word' id='word_1_74' title='bbox 718 1112 841 1179; x_wconf 78' lang='lat' dir='ltr'><strong>frustra</strong></span> <span class='ocrx_word' id='word_1_75' title='bbox 858 1136 1000 1199; x_wconf 78' lang='lat' dir='ltr'>,quaeres</span> <span class='ocrx_word' id='word_1_76' title='bbox 1023 1117 1061 1181; x_wconf 87' lang='lat' dir='ltr'><strong>in</strong></span> <span class='ocrx_word' id='word_1_77' title='bbox 1079 1116 1238 1185; x_wconf 75' lang='lat' dir='ltr'><strong>Terentii</strong></span> 
     </span>
     <span class='ocr_line' id='line_1_11' title="bbox 180 1192 1238 1293; baseline -0.006 -18"><span class='ocrx_word' id='word_1_78' title='bbox 180 1221 217 1275; x_wconf 84' lang='lat' dir='ltr'><strong>et</strong></span> <span class='ocrx_word' id='word_1_79' title='bbox 229 1207 315 1273; x_wconf 83' lang='lat' dir='ltr'><strong>Gelai</strong></span> <span class='ocrx_word' id='word_1_80' title='bbox 334 1192 441 1273; x_wconf 78' lang='lat' dir='ltr'><strong>libris:</strong></span> <span class='ocrx_word' id='word_1_81' title='bbox 469 1222 572 1293; x_wconf 89' lang='lat' dir='ltr'><strong>pauca</strong></span> <span class='ocrx_word' id='word_1_82' title='bbox 589 1200 738 1288; x_wconf 85' lang='lat' dir='ltr'><strong>exempla</strong></span> <span class='ocrx_word' id='word_1_83' title='bbox 754 1200 907 1287; x_wconf 83' lang='lat' dir='ltr'><strong>leguntur</strong></span> <span class='ocrx_word' id='word_1_84' title='bbox 923 1201 1010 1286; x_wconf 87' lang='lat' dir='ltr'><strong>apud</strong></span> <span class='ocrx_word' id='word_1_85' title='bbox 1029 1200 1238 1269; x_wconf 84' lang='lat' dir='ltr'><strong>Ciceronem</strong></span> 
     </span>
     <span class='ocr_line' id='line_1_12' title="bbox 179 1284 1238 1380; baseline -0.007 -26"><span class='ocrx_word' id='word_1_86' title='bbox 179 1316 288 1380; x_wconf 82' lang='lat' dir='ltr'><strong>nequa</strong></span> <span class='ocrx_word' id='word_1_87' title='bbox 310 1290 414 1359; x_wconf 82' lang='lat' dir='ltr'><strong>ultum</strong></span> <span class='ocrx_word' id='word_1_88' title='bbox 434 1291 469 1360; x_wconf 86' lang='lat' dir='ltr'><strong>iu</strong></span> <span class='ocrx_word' id='word_1_89' title='bbox 495 1286 696 1355; x_wconf 86' lang='lat' dir='ltr'><strong>orationibus</strong></span> <span class='ocrx_word' id='word_1_90' title='bbox 719 1286 798 1357; x_wconf 87' lang='lat' dir='ltr'><strong>eius.</strong></span> <span class='ocrx_word' id='word_1_91' title='bbox 840 1284 972 1357; x_wconf 79' lang='lat' dir='ltr'><strong>Tacitus</strong></span> <span class='ocrx_word' id='word_1_92' title='bbox 994 1308 1141 1375; x_wconf 87' lang='lat' dir='ltr'><strong>semper</strong></span> <span class='ocrx_word' id='word_1_93' title='bbox 1159 1290 1238 1356; x_wconf 69' lang='lat' dir='ltr'><strong>bre-</strong></span> 
     </span>
     <span class='ocr_line' id='line_1_13' title="bbox 179 1375 664 1459; baseline -0.025 -12"><span class='ocrx_word' id='word_1_94' title='bbox 179 1381 307 1449; x_wconf 81' lang='lat' dir='ltr'><strong>viorem</strong></span> <span class='ocrx_word' id='word_1_95' title='bbox 321 1376 465 1445; x_wconf 83' lang='lat' dir='ltr'><strong>formam</strong></span> <span class='ocrx_word' id='word_1_96' title='bbox 483 1375 664 1459; x_wconf 82' lang='lat' dir='ltr'><strong>usurpavit.</strong></span> 
     </span>
    </p>
   </div>
   <div class='ocr_carea' id='block_1_3' title="bbox 178 1474 1314 2073">
    <p class='ocr_par' dir='ltr' id='par_1_3' title="bbox 178 1474 1314 2073">
     <span class='ocr_line' id='line_1_14' title="bbox 266 1474 1237 1562; baseline 0 -22"><span class='ocrx_word' id='word_1_97' title='bbox 266 1486 295 1544; x_wconf 88' lang='lat'><strong>1.</strong></span> <span class='ocrx_word' id='word_1_98' title='bbox 321 1474 452 1540; x_wconf 88' lang='lat' dir='ltr'><strong>Servius</strong></span> <span class='ocrx_word' id='word_1_99' title='bbox 471 1474 511 1538; x_wconf 90' lang='lat' dir='ltr'><strong>ad</strong></span> <span class='ocrx_word' id='word_1_100' title='bbox 528 1475 620 1556; x_wconf 86' lang='lat' dir='ltr'><strong>Virg.</strong></span> <span class='ocrx_word' id='word_1_101' title='bbox 636 1474 719 1536; x_wconf 84' lang='lat' dir='ltr'><strong>Aen.</strong></span> <span class='ocrx_word' id='word_1_102' title='bbox 735 1477 766 1553; x_wconf 87' lang='lat'><strong>6,</strong></span> <span class='ocrx_word' id='word_1_103' title='bbox 784 1475 858 1536; x_wconf 81' lang='lat'><strong>891.</strong></span> <span class='ocrx_word' id='word_1_104' title='bbox 880 1483 913 1541; x_wconf 89' lang='lat' dir='ltr'><strong>et</strong></span> <span class='ocrx_word' id='word_1_105' title='bbox 933 1475 983 1546; x_wconf 82' lang='lat'><strong>12,</strong></span> <span class='ocrx_word' id='word_1_106' title='bbox 1000 1476 1058 1537; x_wconf 77' lang='lat'><strong>92.</strong></span> <span class='ocrx_word' id='word_1_107' title='bbox 1084 1497 1105 1537; x_wconf 88' lang='lat' dir='ltr'><strong>a</strong></span> <span class='ocrx_word' id='word_1_108' title='bbox 1136 1475 1237 1562; x_wconf 89' lang='lat' dir='ltr'><strong>pellat</strong></span> 
     </span>
     <span class='ocr_line' id='line_1_15' title="bbox 181 1497 1236 1644; baseline -0.006 -13"><span class='ocrx_word' id='word_1_109' title='bbox 181 1564 372 1631; x_wconf 74' lang='lat' dir='ltr'><strong>adverbium</strong></span> <span class='ocrx_word' id='word_1_110' title='bbox 397 1559 520 1623; x_wconf 89' lang='lat' dir='ltr'><strong>ordinis</strong></span> <span class='ocrx_word' id='word_1_111' title='bbox 542 1557 727 1644; x_wconf 86' lang='lat' dir='ltr'><strong>significans</strong></span> <span class='ocrx_word' id='word_1_112' title='bbox 752 1557 886 1625; x_wconf 87' lang='lat' dir='ltr'><strong>deinde.</strong></span> <span class='ocrx_word' id='word_1_113' title='bbox 927 1557 1026 1621; x_wconf 82' lang='lat' dir='ltr'><strong>Vnde</strong></span> <span class='ocrx_word' id='word_1_114' title='bbox 1052 1497 1236 1625; x_wconf 68' lang='lat' dir='ltr'><strong>Noiieniua</strong></span> 
     </span>
     <span class='ocr_line' id='line_1_16' title="bbox 179 1642 1236 1738; baseline -0.007 -21"><span class='ocrx_word' id='word_1_115' title='bbox 179 1674 215 1738; x_wconf 82' lang='lat' dir='ltr'><strong>p·</strong></span> <span class='ocrx_word' id='word_1_116' title='bbox 229 1654 302 1716; x_wconf 79' lang='lat'><strong>630.</strong></span> <span class='ocrx_word' id='word_1_117' title='bbox 323 1645 454 1731; x_wconf 76' lang='lat' dir='ltr'><strong>negavit</strong></span> <span class='ocrx_word' id='word_1_118' title='bbox 465 1666 535 1709; x_wconf 85' lang='lat' dir='ltr'><strong>esse</strong></span> <span class='ocrx_word' id='word_1_119' title='bbox 547 1643 737 1707; x_wconf 77' lang='lat' dir='ltr'><strong>adverbium</strong></span> <span class='ocrx_word' id='word_1_120' title='bbox 754 1643 829 1707; x_wconf 90' lang='lat' dir='ltr'><strong>loci.</strong></span> <span class='ocrx_word' id='word_1_121' title='bbox 873 1642 937 1707; x_wconf 87' lang='lat' dir='ltr'><strong>Sed</strong></span> <span class='ocrx_word' id='word_1_122' title='bbox 955 1647 1118 1729; x_wconf 78' lang='lat' dir='ltr'><strong>primaria</strong></span> <span class='ocrx_word' id='word_1_123' title='bbox 1133 1647 1236 1734; x_wconf 84' lang='lat' dir='ltr'><strong>signi·</strong></span> 
     </span>
     <span class='ocr_line' id='line_1_17' title="bbox 179 1725 1314 1818; baseline -0.005 -17"><span class='ocrx_word' id='word_1_124' title='bbox 179 1735 288 1800; x_wconf 86' lang='lat' dir='ltr'><strong>ficatio</strong></span> <span class='ocrx_word' id='word_1_125' title='bbox 306 1744 352 1796; x_wconf 89' lang='lat' dir='ltr'><strong>est</strong></span> <span class='ocrx_word' id='word_1_126' title='bbox 369 1730 518 1807; x_wconf 83' lang='lat' dir='ltr'><strong>deloco,</strong></span> <span class='ocrx_word' id='word_1_127' title='bbox 539 1750 581 1793; x_wconf 84' lang='lat' dir='ltr'><strong>ex</strong></span> <span class='ocrx_word' id='word_1_128' title='bbox 594 1750 660 1813; x_wconf 92' lang='lat' dir='ltr'><strong>quo</strong></span> <span class='ocrx_word' id='word_1_129' title='bbox 676 1726 799 1813; x_wconf 85' lang='lat' dir='ltr'><strong>aliquid</strong></span> <span class='ocrx_word' id='word_1_130' title='bbox 814 1731 900 1793; x_wconf 68' lang='lat' dir='ltr'><strong>exite</strong></span> <span class='ocrx_word' id='word_1_131' title='bbox 922 1727 1012 1814; x_wconf 91' lang='lat' dir='ltr'><strong>quod</strong></span> <span class='ocrx_word' id='word_1_132' title='bbox 1031 1752 1105 1794; x_wconf 83' lang='lat' dir='ltr'><strong>esse</strong></span> <span class='ocrx_word' id='word_1_133' title='bbox 1124 1742 1235 1818; x_wconf 80' lang='lat' dir='ltr'><strong>potest</strong></span> <span class='ocrx_word' id='word_1_134' title='bbox 1308 1725 1314 1735; x_wconf 79' lang='grc'><strong>’</strong></span> 
     </span>
     <span class='ocr_line' id='line_1_18' title="bbox 181 1813 1235 1885; baseline -0.004 1"><span class='ocrx_word' id='word_1_135' title='bbox 181 1831 214 1885; x_wconf 89' lang='lat' dir='ltr'><strong>et</strong></span> <span class='ocrx_word' id='word_1_136' title='bbox 231 1821 336 1884; x_wconf 85' lang='lat' dir='ltr'><strong>exitus</strong></span> <span class='ocrx_word' id='word_1_137' title='bbox 355 1826 388 1878; x_wconf 91' lang='lat' dir='ltr'><strong>et</strong></span> <span class='ocrx_word' id='word_1_138' title='bbox 405 1813 560 1877; x_wconf 83' lang='lat' dir='ltr'><strong>directio:</strong></span> <span class='ocrx_word' id='word_1_139' title='bbox 589 1814 666 1877; x_wconf 86' lang='lat' dir='ltr'><strong>inda</strong></span> <span class='ocrx_word' id='word_1_140' title='bbox 692 1835 734 1877; x_wconf 87' lang='lat' dir='ltr'><strong>ex</strong></span> <span class='ocrx_word' id='word_1_141' title='bbox 755 1836 795 1878; x_wconf 90' lang='lat' dir='ltr'><strong>eo</strong></span> <span class='ocrx_word' id='word_1_142' title='bbox 819 1814 913 1879; x_wconf 87' lang='lat' dir='ltr'><strong>ioco:</strong></span> <span class='ocrx_word' id='word_1_143' title='bbox 943 1836 1007 1878; x_wconf 80' lang='lat' dir='ltr'><strong>uon</strong></span> <span class='ocrx_word' id='word_1_144' title='bbox 1032 1815 1084 1879; x_wconf 87' lang='lat' dir='ltr'><strong>da</strong></span> <span class='ocrx_word' id='word_1_145' title='bbox 1108 1827 1143 1880; x_wconf 87' lang='lat' dir='ltr'><strong>et</strong></span> <span class='ocrx_word' id='word_1_146' title='bbox 1173 1840 1235 1882; x_wconf 78' lang='lat' dir='ltr'><strong>uon</strong></span> 
     </span>
     <span class='ocr_line' id='line_1_19' title="bbox 180 1898 1232 1988; baseline 0 -19"><span class='ocrx_word' id='word_1_147' title='bbox 180 1906 229 1969; x_wconf 83' lang='lat' dir='ltr'><strong>da</strong></span> <span class='ocrx_word' id='word_1_148' title='bbox 251 1906 321 1968; x_wconf 81' lang='lat' dir='ltr'><strong>laer.</strong></span> <span class='ocrx_word' id='word_1_149' title='bbox 369 1900 556 1964; x_wconf 83' lang='lat' dir='ltr'><strong>Novissima</strong></span> <span class='ocrx_word' id='word_1_150' title='bbox 587 1910 737 1985; x_wconf 85' lang='lat' dir='ltr'><strong>tempore</strong></span> <span class='ocrx_word' id='word_1_151' title='bbox 767 1899 864 1964; x_wconf 87' lang='lat' dir='ltr'><strong>etiam</strong></span> <span class='ocrx_word' id='word_1_152' title='bbox 893 1898 1067 1964; x_wconf 79' lang='lat' dir='ltr'><strong>dicebatur</strong></span> <span class='ocrx_word' id='word_1_153' title='bbox 1089 1924 1158 1988; x_wconf 89' lang='lat' dir='ltr'><strong>pro</strong></span> <span class='ocrx_word' id='word_1_154' title='bbox 1182 1927 1232 1969; x_wconf 75' lang='lat' dir='ltr'><strong>ex.</strong></span> 
     </span>
     <span class='ocr_line' id='line_1_20' title="bbox 178 1983 1144 2073; baseline -0.004 -19"><span class='ocrx_word' id='word_1_155' title='bbox 178 1990 325 2063; x_wconf 86' lang='lat' dir='ltr'><strong>Medium</strong></span> <span class='ocrx_word' id='word_1_156' title='bbox 346 2006 461 2054; x_wconf 82' lang='lat' dir='ltr'><strong>aevum</strong></span> <span class='ocrx_word' id='word_1_157' title='bbox 477 2007 544 2052; x_wconf 92' lang='lat' dir='ltr'><strong>nou</strong></span> <span class='ocrx_word' id='word_1_158' title='bbox 562 1985 624 2048; x_wconf 88' lang='lat' dir='ltr'><strong>nisi</strong></span> <span class='ocrx_word' id='word_1_159' title='bbox 649 1983 879 2073; x_wconf 70' lang='lat' dir='ltr'><strong>metaphoram</strong></span> <span class='ocrx_word' id='word_1_160' title='bbox 894 1985 994 2049; x_wconf 87' lang='lat' dir='ltr'><strong>babet</strong></span> <span class='ocrx_word' id='word_1_161' title='bbox 1009 1985 1047 2048; x_wconf 90' lang='lat' dir='ltr'><strong>in</strong></span> <span class='ocrx_word' id='word_1_162' title='bbox 1069 2008 1144 2050; x_wconf 90' lang='lat' dir='ltr'><strong>usu.</strong></span> 
     </span>
    </p>
   </div>
   <div class='ocr_carea' id='block_1_4' title="bbox 213 2103 1234 2527">
    <p class='ocr_par' dir='ltr' id='par_1_4' title="bbox 213 2103 1234 2527">
     <span class='ocr_line' id='line_1_21' title="bbox 283 2103 1224 2184; baseline 0 -24"><span class='ocrx_word' id='word_1_163' title='bbox 283 2105 373 2160; x_wconf 80' lang='lat' dir='ltr'><strong>Tacit.</strong></span> <span class='ocrx_word' id='word_1_164' title='bbox 389 2106 457 2157; x_wconf 78' lang='lat' dir='ltr'><strong>Anu.</strong></span> <span class='ocrx_word' id='word_1_165' title='bbox 477 2103 521 2170; x_wconf 80' lang='lat'><strong>15,</strong></span> <span class='ocrx_word' id='word_1_166' title='bbox 534 2103 576 2158; x_wconf 77' lang='lat'><strong>12.</strong></span> <span class='ocrx_word' id='word_1_167' title='bbox 607 2104 741 2174; x_wconf 81' lang='lat' dir='ltr'><strong>regionem</strong></span> <span class='ocrx_word' id='word_1_168' title='bbox 764 2104 981 2184; x_wconf 78' lang='lat' dir='ltr'><strong>Commagenam,</strong></span> <span class='ocrx_word' id='word_1_169' title='bbox 1000 2107 1070 2159; x_wconf 79' lang='lat' dir='ltr'><strong>exin</strong></span> <span class='ocrx_word' id='word_1_170' title='bbox 1084 2107 1224 2177; x_wconf 81' lang='lat' dir='ltr'><strong>Cappado-</strong></span> 
     </span>
     <span class='ocr_line' id='line_1_22' title="bbox 213 2190 680 2259; baseline -0.013 -11"><span class='ocrx_word' id='word_1_171' title='bbox 213 2242 216 2251; x_wconf 86' lang='lat'><strong>.</strong></span> <span class='ocrx_word' id='word_1_172' title='bbox 247 2195 332 2258; x_wconf 68' lang='lat' dir='ltr'><strong>amm,</strong></span> <span class='ocrx_word' id='word_1_173' title='bbox 348 2191 410 2244; x_wconf 88' lang='lat' dir='ltr'><strong>inda</strong></span> <span class='ocrx_word' id='word_1_174' title='bbox 425 2190 565 2250; x_wconf 77' lang='lat' dir='ltr'><strong>Armeniae</strong></span> <span class='ocrx_word' id='word_1_175' title='bbox 576 2190 680 2259; x_wconf 78' lang='lat' dir='ltr'><strong>petiuit.</strong></span> 
     </span>
     <span class='ocr_line' id='line_1_23' title="bbox 280 2289 1233 2361; baseline -0.001 -12"><span class='ocrx_word' id='word_1_176' title='bbox 280 2296 372 2349; x_wconf 79' lang='lat' dir='ltr'><strong>Plani.</strong></span> <span class='ocrx_word' id='word_1_177' title='bbox 387 2294 472 2346; x_wconf 87' lang='lat' dir='ltr'><strong>Pocn.</strong></span> <span class='ocrx_word' id='word_1_178' title='bbox 488 2290 514 2359; x_wconf 82' lang='grc'><strong>3,</strong></span> <span class='ocrx_word' id='word_1_179' title='bbox 528 2291 554 2344; x_wconf 81' lang='lat' dir='ltr'><strong>t.</strong></span> <span class='ocrx_word' id='word_1_180' title='bbox 570 2299 707 2361; x_wconf 77' lang='lat' dir='ltr'><strong>utcumque</strong></span> <span class='ocrx_word' id='word_1_181' title='bbox 726 2296 765 2343; x_wconf 81' lang='lat' dir='ltr'><strong>eat</strong></span> <span class='ocrx_word' id='word_1_182' title='bbox 784 2296 890 2354; x_wconf 72' lang='lat' dir='ltr'><strong>emtus,</strong></span> <span class='ocrx_word' id='word_1_183' title='bbox 910 2289 971 2342; x_wconf 73' lang='lat' dir='ltr'><strong>eain</strong></span> <span class='ocrx_word' id='word_1_184' title='bbox 992 2291 1084 2344; x_wconf 76' lang='lat' dir='ltr'><strong>cetuna</strong></span> <span class='ocrx_word' id='word_1_185' title='bbox 1107 2297 1233 2349; x_wconf 76' lang='lat' dir='ltr'><strong>vortitur.</strong></span> 
     </span>
     <span class='ocr_line' id='line_1_24' title="bbox 246 2373 1234 2447; baseline 0 -13"><span class='ocrx_word' id='word_1_186' title='bbox 246 2382 320 2434; x_wconf 87' lang='lat' dir='ltr'><strong>Item</strong></span> <span class='ocrx_word' id='word_1_187' title='bbox 333 2376 413 2446; x_wconf 87' lang='lat' dir='ltr'><strong>Epid.</strong></span> <span class='ocrx_word' id='word_1_188' title='bbox 428 2377 455 2443; x_wconf 90' lang='grc'><strong>1,</strong></span> <span class='ocrx_word' id='word_1_189' title='bbox 473 2376 497 2442; x_wconf 92' lang='lat'><strong>1,</strong></span> <span class='ocrx_word' id='word_1_190' title='bbox 512 2374 554 2428; x_wconf 79' lang='lat' dir='ltr'><strong>ii.</strong></span> <span class='ocrx_word' id='word_1_191' title='bbox 574 2393 643 2444; x_wconf 85' lang='lat' dir='ltr'><strong>quaa</strong></span> <span class='ocrx_word' id='word_1_192' title='bbox 656 2373 796 2428; x_wconf 76' lang='lat' dir='ltr'><strong>Acidaliae</strong></span> <span class='ocrx_word' id='word_1_193' title='bbox 814 2374 1026 2443; x_wconf 82' lang='lat' dir='ltr'><strong>interpretatur:</strong></span> <span class='ocrx_word' id='word_1_194' title='bbox 1051 2375 1111 2442; x_wconf 86' lang='lat' dir='ltr'><strong>itu,</strong></span> <span class='ocrx_word' id='word_1_195' title='bbox 1131 2397 1185 2447; x_wconf 83' lang='lat' dir='ltr'><strong>pro</strong></span> <span class='ocrx_word' id='word_1_196' title='bbox 1201 2397 1234 2435; x_wconf 86' lang='lat' dir='ltr'><strong>ea</strong></span> 
     </span>
     <span class='ocr_line' id='line_1_25' title="bbox 246 2459 993 2527; baseline -0.013 -7"><span class='ocrx_word' id='word_1_197' title='bbox 246 2464 362 2520; x_wconf 76' lang='lat' dir='ltr'><strong>ratium.</strong></span> <span class='ocrx_word' id='word_1_198' title='bbox 397 2462 446 2515; x_wconf 78' lang='lat' dir='ltr'><strong>Est</strong></span> <span class='ocrx_word' id='word_1_199' title='bbox 461 2476 543 2525; x_wconf 86' lang='lat' dir='ltr'><strong>vero,</strong></span> <span class='ocrx_word' id='word_1_200' title='bbox 562 2476 597 2513; x_wconf 84' lang='lat' dir='ltr'><strong>ex</strong></span> <span class='ocrx_word' id='word_1_201' title='bbox 612 2474 646 2519; x_wconf 83' lang='lat' dir='ltr'><strong>aa</strong></span> <span class='ocrx_word' id='word_1_202' title='bbox 657 2459 787 2527; x_wconf 78' lang='lat' dir='ltr'><strong>regione,</strong></span> <span class='ocrx_word' id='word_1_203' title='bbox 806 2475 840 2510; x_wconf 89' lang='lat' dir='ltr'><strong>ex</strong></span> <span class='ocrx_word' id='word_1_204' title='bbox 857 2475 891 2511; x_wconf 88' lang='lat' dir='ltr'><strong>ca</strong></span> <span class='ocrx_word' id='word_1_205' title='bbox 906 2464 993 2525; x_wconf 86' lang='lat' dir='ltr'><strong>parte.</strong></span> 
     </span>
    </p>
   </div>
   <div class='ocr_carea' id='block_1_5' title="bbox 249 2560 1233 2715">
    <p class='ocr_par' dir='ltr' id='par_1_5' title="bbox 249 2560 1233 2715">
     <span class='ocr_line' id='line_1_26' title="bbox 283 2560 1233 2630; baseline 0.005 -11"><span class='ocrx_word' id='word_1_206' title='bbox 283 2560 596 2627; x_wconf 75' lang='lat' dir='ltr'><strong>caa.1ustin.1‚12‚a.</strong></span> <span class='ocrx_word' id='word_1_207' title='bbox 625 2562 649 2614; x_wconf 82' lang='lat' dir='ltr'><strong>ai</strong></span> <span class='ocrx_word' id='word_1_208' title='bbox 667 2580 756 2614; x_wconf 82' lang='lat' dir='ltr'><strong>seruus</strong></span> <span class='ocrx_word' id='word_1_209' title='bbox 778 2564 930 2630; x_wconf 80' lang='lat' dir='ltr'><strong>cuiusquam</strong></span> <span class='ocrx_word' id='word_1_210' title='bbox 951 2562 980 2613; x_wconf 87' lang='lat' dir='ltr'><strong>in</strong></span> <span class='ocrx_word' id='word_1_211' title='bbox 1001 2566 1149 2620; x_wconf 80' lang='lat' dir='ltr'><strong>ecclesiane</strong></span> <span class='ocrx_word' id='word_1_212' title='bbox 1163 2571 1233 2624; x_wconf 84' lang='lat' dir='ltr'><strong>aita-</strong></span> 
     </span>
     <span class='ocr_line' id='line_1_27' title="bbox 249 2647 1089 2715; baseline -0.005 -8"><span class='ocrx_word' id='word_1_213' title='bbox 249 2655 323 2709; x_wconf 85' lang='lat' dir='ltr'><strong>riave</strong></span> <span class='ocrx_word' id='word_1_214' title='bbox 337 2657 456 2703; x_wconf 82' lang='lat' dir='ltr'><strong>armatas</strong></span> <span class='ocrx_word' id='word_1_215' title='bbox 469 2676 503 2685; x_wconf 92' lang='lat'><em>-</em></span> <span class='ocrx_word' id='word_1_216' title='bbox 518 2649 641 2711; x_wconf 79' lang='lat' dir='ltr'><strong>irruerit,</strong></span> <span class='ocrx_word' id='word_1_217' title='bbox 656 2648 751 2698; x_wconf 79' lang='lat' dir='ltr'><strong>exinde</strong></span> <span class='ocrx_word' id='word_1_218' title='bbox 765 2648 888 2715; x_wconf 83' lang='lat' dir='ltr'><strong>protinus</strong></span> <span class='ocrx_word' id='word_1_219' title='bbox 902 2647 1089 2704; x_wconf 78' lang='lat' dir='ltr'><strong>abstrabatur.</strong></span> 
     </span>
    </p>
   </div>
   <div class='ocr_carea' id='block_1_6' title="bbox 177 2748 1235 3419">
    <p class='ocr_par' dir='ltr' id='par_1_6' title="bbox 177 2748 1235 3419">
     <span class='ocr_line' id='line_1_28' title="bbox 261 2748 1235 2827; baseline -0.003 -10"><span class='ocrx_word' id='word_1_220' title='bbox 261 2761 293 2820; x_wconf 78' lang='lat'><strong>2.</strong></span> <span class='ocrx_word' id='word_1_221' title='bbox 315 2754 387 2817; x_wconf 87' lang='lat' dir='ltr'><strong>Hoc</strong></span> <span class='ocrx_word' id='word_1_222' title='bbox 409 2749 606 2815; x_wconf 84' lang='lat' dir='ltr'><strong>transfertur</strong></span> <span class='ocrx_word' id='word_1_223' title='bbox 625 2748 666 2813; x_wconf 87' lang='lat' dir='ltr'><strong>ad</strong></span> <span class='ocrx_word' id='word_1_224' title='bbox 691 2769 837 2811; x_wconf 82' lang='lat' dir='ltr'><strong>caussam</strong></span> <span class='ocrx_word' id='word_1_225' title='bbox 861 2751 1105 2827; x_wconf 80' lang='lat' dir='ltr'><strong>strationem,</strong></span> <span class='ocrx_word' id='word_1_226' title='bbox 1131 2767 1172 2819; x_wconf 91' lang='lat' dir='ltr'><strong>ut</strong></span> <span class='ocrx_word' id='word_1_227' title='bbox 1196 2759 1235 2820; x_wconf 84' lang='lat' dir='ltr'><strong>sit</strong></span> 
     </span>
     <span class='ocr_line' id='line_1_29' title="bbox 180 2830 1233 2920; baseline 0 -13"><span class='ocrx_word' id='word_1_228' title='bbox 180 2865 220 2908; x_wconf 78' lang='lat' dir='ltr'><strong>ex</strong></span> <span class='ocrx_word' id='word_1_229' title='bbox 235 2864 291 2920; x_wconf 89' lang='lat' dir='ltr'><strong>ea,</strong></span> <span class='ocrx_word' id='word_1_230' title='bbox 315 2862 354 2902; x_wconf 77' lang='lat' dir='ltr'><strong>en</strong></span> <span class='ocrx_word' id='word_1_231' title='bbox 370 2861 412 2901; x_wconf 86' lang='lat' dir='ltr'><strong>eu</strong></span> <span class='ocrx_word' id='word_1_232' title='bbox 425 2836 572 2903; x_wconf 79' lang='lat' dir='ltr'><strong>ratione.</strong></span> <span class='ocrx_word' id='word_1_233' title='bbox 620 2833 658 2906; x_wconf 91' lang='lat' dir='ltr'><strong>Id</strong></span> <span class='ocrx_word' id='word_1_234' title='bbox 679 2834 899 2898; x_wconf 81' lang='lat' dir='ltr'><strong>recentissima</strong></span> <span class='ocrx_word' id='word_1_235' title='bbox 912 2830 1181 2905; x_wconf 71' lang='lat' dir='ltr'><strong>aetas&#39;adhibuit</strong></span> <span class='ocrx_word' id='word_1_236' title='bbox 1197 2844 1233 2906; x_wconf 88' lang='lat' dir='ltr'><strong>ad</strong></span> 
     </span>
     <span class='ocr_line' id='line_1_30' title="bbox 180 2919 1233 3013; baseline 0.003 -23"><span class='ocrx_word' id='word_1_237' title='bbox 180 2923 417 3013; x_wconf 85' lang='lat' dir='ltr'><strong>designandum</strong></span> <span class='ocrx_word' id='word_1_238' title='bbox 448 2921 592 2987; x_wconf 84' lang='lat' dir='ltr'><strong>fructum</strong></span> <span class='ocrx_word' id='word_1_239' title='bbox 622 2920 673 2984; x_wconf 83' lang='lat' dir='ltr'><strong>vel</strong></span> <span class='ocrx_word' id='word_1_240' title='bbox 696 2919 948 2991; x_wconf 84' lang='lat' dir='ltr'><strong>incommodum</strong></span> <span class='ocrx_word' id='word_1_241' title='bbox 982 2943 1023 2984; x_wconf 88' lang='lat' dir='ltr'><strong>ex</strong></span> <span class='ocrx_word' id='word_1_242' title='bbox 1058 2924 1233 3012; x_wconf 82' lang='lat' dir='ltr'><strong>aliquare</strong></span> 
     </span>
     <span class='ocr_line' id='line_1_31' title="bbox 178 3004 1233 3101; baseline -0.005 -24"><span class='ocrx_word' id='word_1_243' title='bbox 178 3023 305 3077; x_wconf 86' lang='lat' dir='ltr'><strong>natum.</strong></span> <span class='ocrx_word' id='word_1_244' title='bbox 356 3009 528 3096; x_wconf 80' lang='lat' dir='ltr'><strong>Scioppius</strong></span> <span class='ocrx_word' id='word_1_245' title='bbox 556 3027 658 3091; x_wconf 90' lang='lat' dir='ltr'><strong>quum</strong></span> <span class='ocrx_word' id='word_1_246' title='bbox 687 3005 721 3068; x_wconf 90' lang='lat' dir='ltr'><strong>in</strong></span> <span class='ocrx_word' id='word_1_247' title='bbox 743 3004 860 3070; x_wconf 87' lang='lat' dir='ltr'><strong>lnfam.</strong></span> <span class='ocrx_word' id='word_1_248' title='bbox 884 3004 974 3073; x_wconf 87' lang='lat' dir='ltr'><strong>Fam.</strong></span> <span class='ocrx_word' id='word_1_249' title='bbox 1001 3028 1035 3092; x_wconf 92' lang='lat' dir='ltr'><strong>p.</strong></span> <span class='ocrx_word' id='word_1_250' title='bbox 1053 3013 1085 3072; x_wconf 91' lang='lat'><strong>6.</strong></span> <span class='ocrx_word' id='word_1_251' title='bbox 1117 3035 1233 3101; x_wconf 80' lang='lat' dir='ltr'><strong>repre-</strong></span> 
     </span>
     <span class='ocr_line' id='line_1_32' title="bbox 177 3090 1232 3178; baseline -0.003 -15"><span class='ocrx_word' id='word_1_252' title='bbox 177 3098 293 3163; x_wconf 90' lang='lat' dir='ltr'><strong>hendit</strong></span> <span class='ocrx_word' id='word_1_253' title='bbox 315 3094 484 3172; x_wconf 86' lang='lat' dir='ltr'><strong>Stradam,</strong></span> <span class='ocrx_word' id='word_1_254' title='bbox 527 3093 583 3178; x_wconf 91' lang='lat' dir='ltr'><strong>qui</strong></span> <span class='ocrx_word' id='word_1_255' title='bbox 607 3091 690 3158; x_wconf 81' lang='lat' dir='ltr'><strong>dixit</strong></span> <span class='ocrx_word' id='word_1_256' title='bbox 716 3090 861 3176; x_wconf 75' lang='lat' dir='ltr'><strong>odioque</strong></span> <span class='ocrx_word' id='word_1_257' title='bbox 885 3090 1006 3154; x_wconf 81' lang='lat' dir='ltr'><strong>exinde</strong></span> <span class='ocrx_word' id='word_1_258' title='bbox 1031 3094 1232 3162; x_wconf 84' lang='lat' dir='ltr'><strong>animosius</strong></span> 
     </span>
     <span class='ocr_line' id='line_1_33' title="bbox 178 3175 1230 3272; baseline -0.006 -22"><span class='ocrx_word' id='word_1_259' title='bbox 178 3204 386 3258; x_wconf 71' lang='lat' dir='ltr'><strong>exercemuS,</strong></span> <span class='ocrx_word' id='word_1_260' title='bbox 423 3179 583 3246; x_wconf 82' lang='lat' dir='ltr'><strong>terminos</strong></span> <span class='ocrx_word' id='word_1_261' title='bbox 617 3176 815 3240; x_wconf 83' lang='lat' dir='ltr'><strong>constituere</strong></span> <span class='ocrx_word' id='word_1_262' title='bbox 851 3175 978 3256; x_wconf 83' lang='lat' dir='ltr'><strong>debuit,</strong></span> <span class='ocrx_word' id='word_1_263' title='bbox 1013 3191 1113 3245; x_wconf 81' lang='lat' dir='ltr'><strong>extra</strong></span> <span class='ocrx_word' id='word_1_264' title='bbox 1149 3208 1230 3272; x_wconf 89' lang='lat' dir='ltr'><strong>quos</strong></span> 
     </span>
     <span class='ocr_line' id='line_1_34' title="bbox 177 3261 1228 3360; baseline 0 -25"><span class='ocrx_word' id='word_1_265' title='bbox 177 3280 301 3335; x_wconf 82' lang='lat' dir='ltr'><strong>veteres</strong></span> <span class='ocrx_word' id='word_1_266' title='bbox 326 3288 395 3327; x_wconf 90' lang='lat' dir='ltr'><strong>non</strong></span> <span class='ocrx_word' id='word_1_267' title='bbox 413 3264 673 3352; x_wconf 84' lang='lat' dir='ltr'><strong>egrediebantur.</strong></span> <span class='ocrx_word' id='word_1_268' title='bbox 724 3262 751 3326; x_wconf 93' lang='lat' dir='ltr'><strong>li</strong></span> <span class='ocrx_word' id='word_1_269' title='bbox 776 3261 865 3325; x_wconf 90' lang='lat' dir='ltr'><strong>enim</strong></span> <span class='ocrx_word' id='word_1_270' title='bbox 888 3282 956 3324; x_wconf 90' lang='lat' dir='ltr'><strong>uon</strong></span> <span class='ocrx_word' id='word_1_271' title='bbox 982 3261 1144 3332; x_wconf 86' lang='lat' dir='ltr'><strong>dicebant</strong></span> <span class='ocrx_word' id='word_1_272' title='bbox 1169 3294 1228 3360; x_wconf 88' lang='lat' dir='ltr'><strong>pro</strong></span> 
     </span>
     <span class='ocr_line' id='line_1_35' title="bbox 179 3352 427 3419; baseline -0.016 0"><span class='ocrx_word' id='word_1_273' title='bbox 179 3352 427 3419; x_wconf 55' lang='lat' dir='ltr'><strong>mmmm.</strong></span> 
     </span>
    </p>
   </div>
   <div class='ocr_carea' id='block_1_7' title="bbox 245 3467 1230 3706">
    <p class='ocr_par' dir='ltr' id='par_1_7' title="bbox 245 3467 1230 3706">
     <span class='ocr_line' id='line_1_36' title="bbox 281 3467 1229 3540; baseline 0.005 -16"><span class='ocrx_word' id='word_1_274' title='bbox 281 3468 492 3532; x_wconf 77' lang='lat' dir='ltr'><strong>Plautbioatl,</strong></span> <span class='ocrx_word' id='word_1_275' title='bbox 502 3467 527 3532; x_wconf 81' lang='grc'><strong>3,</strong></span> <span class='ocrx_word' id='word_1_276' title='bbox 541 3468 583 3520; x_wconf 78' lang='lat' dir='ltr'><strong>ta.</strong></span> <span class='ocrx_word' id='word_1_277' title='bbox 604 3477 634 3522; x_wconf 87' lang='lat' dir='ltr'><strong>ut</strong></span> <span class='ocrx_word' id='word_1_278' title='bbox 643 3471 724 3536; x_wconf 84' lang='lat' dir='ltr'><strong>sama</strong></span> <span class='ocrx_word' id='word_1_279' title='bbox 739 3475 777 3520; x_wconf 86' lang='lat' dir='ltr'><strong>est</strong></span> <span class='ocrx_word' id='word_1_280' title='bbox 793 3468 906 3532; x_wconf 82' lang='lat' dir='ltr'><strong>bomini,</strong></span> <span class='ocrx_word' id='word_1_281' title='bbox 928 3469 986 3519; x_wconf 81' lang='lat' dir='ltr'><strong>crin</strong></span> <span class='ocrx_word' id='word_1_282' title='bbox 1001 3470 1069 3523; x_wconf 86' lang='lat' dir='ltr'><strong>sciet</strong></span> <span class='ocrx_word' id='word_1_283' title='bbox 1082 3477 1229 3540; x_wconf 78' lang='lat' dir='ltr'><strong>pecuniam</strong></span> 
     </span>
     <span class='ocr_line' id='line_1_37' title="bbox 245 3552 1230 3622; baseline 0.002 -11"><span class='ocrx_word' id='word_1_284' title='bbox 245 3557 370 3611; x_wconf 83' lang='lat' dir='ltr'><strong>inuenire.</strong></span> <span class='ocrx_word' id='word_1_285' title='bbox 398 3552 504 3620; x_wconf 76' lang='lat' dir='ltr'><strong>Apulei.</strong></span> <span class='ocrx_word' id='word_1_286' title='bbox 521 3554 586 3606; x_wconf 77' lang='lat' dir='ltr'><strong>stet.</strong></span> <span class='ocrx_word' id='word_1_287' title='bbox 609 3552 633 3605; x_wconf 88' lang='grc'><strong>6.</strong></span> <span class='ocrx_word' id='word_1_288' title='bbox 658 3573 685 3622; x_wconf 89' lang='lat' dir='ltr'><strong>p.</strong></span> <span class='ocrx_word' id='word_1_289' title='bbox 697 3552 756 3618; x_wconf 71' lang='lat'><strong>184,</strong></span> <span class='ocrx_word' id='word_1_290' title='bbox 776 3552 801 3607; x_wconf 93' lang='lat'><strong>1.</strong></span> <span class='ocrx_word' id='word_1_291' title='bbox 830 3555 1034 3622; x_wconf 80' lang='lat' dir='ltr'><strong>necquidquam</strong></span> <span class='ocrx_word' id='word_1_292' title='bbox 1052 3555 1149 3611; x_wconf 88' lang='lat' dir='ltr'><strong>idonei</strong></span> <span class='ocrx_word' id='word_1_293' title='bbox 1166 3562 1230 3612; x_wconf 87' lang='lat' dir='ltr'><strong>lucri</strong></span> 
     </span>
     <span class='ocr_line' id='line_1_38' title="bbox 245 3639 674 3706; baseline -0.005 -14"><span class='ocrx_word' id='word_1_294' title='bbox 245 3642 337 3697; x_wconf 67' lang='lat' dir='ltr'><strong>exinde</strong></span> <span class='ocrx_word' id='word_1_295' title='bbox 353 3639 479 3706; x_wconf 82' lang='lat' dir='ltr'><strong>cepimus,</strong></span> <span class='ocrx_word' id='word_1_296' title='bbox 497 3639 542 3691; x_wconf 89' lang='lat' dir='ltr'><strong>sad</strong></span> <span class='ocrx_word' id='word_1_297' title='bbox 558 3640 674 3690; x_wconf 77' lang='lat' dir='ltr'><strong>uulnera.</strong></span> 
     </span>
    </p>
   </div>
   <div class='ocr_carea' id='block_1_8' title="bbox 242 3741 1227 3899">
    <p class='ocr_par' dir='ltr' id='par_1_8' title="bbox 242 3741 1227 3899">
     <span class='ocr_line' id='line_1_39' title="bbox 279 3741 1227 3811; baseline 0.006 -16"><span class='ocrx_word' id='word_1_298' title='bbox 279 3744 369 3795; x_wconf 86' lang='lat' dir='ltr'><strong>Plaat.</strong></span> <span class='ocrx_word' id='word_1_299' title='bbox 383 3743 480 3796; x_wconf 85' lang='lat' dir='ltr'><strong>Pseud.</strong></span> <span class='ocrx_word' id='word_1_300' title='bbox 496 3741 522 3807; x_wconf 81' lang='lat'><strong>2,</strong></span> <span class='ocrx_word' id='word_1_301' title='bbox 537 3741 562 3807; x_wconf 78' lang='grc' dir='ltr'><strong>ὃ,</strong></span> <span class='ocrx_word' id='word_1_302' title='bbox 577 3741 619 3793; x_wconf 81' lang='grc'><strong>13.</strong></span> <span class='ocrx_word' id='word_1_303' title='bbox 638 3743 751 3810; x_wconf 85' lang='lat' dir='ltr'><strong>proinde</strong></span> <span class='ocrx_word' id='word_1_304' title='bbox 763 3748 792 3794; x_wconf 88' lang='lat' dir='ltr'><strong>ut</strong></span> <span class='ocrx_word' id='word_1_305' title='bbox 809 3743 913 3810; x_wconf 78' lang='lat' dir='ltr'><strong>quisque</strong></span> <span class='ocrx_word' id='word_1_306' title='bbox 921 3743 1038 3805; x_wconf 73' lang='lat' dir='ltr'><strong>senuna</strong></span> <span class='ocrx_word' id='word_1_307' title='bbox 1052 3743 1164 3811; x_wconf 86' lang='lat' dir='ltr'><strong>utitur,</strong></span> <span class='ocrx_word' id='word_1_308' title='bbox 1189 3749 1227 3800; x_wconf 85' lang='lat' dir='ltr'><strong>ita</strong></span> 
     </span>
     <span class='ocr_line' id='line_1_40' title="bbox 242 3826 1010 3899; baseline -0.007 -18"><span class='ocrx_word' id='word_1_309' title='bbox 242 3830 399 3899; x_wconf 77' lang='lat' dir='ltr'><strong>praecellet:</strong></span> <span class='ocrx_word' id='word_1_310' title='bbox 418 3837 495 3896; x_wconf 79' lang='lat' dir='ltr'><strong>atque</strong></span> <span class='ocrx_word' id='word_1_311' title='bbox 509 3828 604 3879; x_wconf 79' lang='lat' dir='ltr'><strong>exinde</strong></span> <span class='ocrx_word' id='word_1_312' title='bbox 616 3845 708 3894; x_wconf 83' lang='lat' dir='ltr'><strong>sapere</strong></span> <span class='ocrx_word' id='word_1_313' title='bbox 721 3845 778 3878; x_wconf 86' lang='lat' dir='ltr'><strong>aum</strong></span> <span class='ocrx_word' id='word_1_314' title='bbox 793 3842 879 3879; x_wconf 84' lang='lat' dir='ltr'><strong>ornnes</strong></span> <span class='ocrx_word' id='word_1_315' title='bbox 893 3826 1010 3877; x_wconf 85' lang='lat' dir='ltr'><strong>dicimus.</strong></span> 
     </span>
    </p>
   </div>
   <div class='ocr_carea' id='block_1_9' title="bbox 202 3927 1226 4084">
    <p class='ocr_par' dir='ltr' id='par_1_9' title="bbox 202 3927 1226 4084">
     <span class='ocr_line' id='line_1_41' title="bbox 202 3927 1226 3992; baseline 0 -8"><span class='ocrx_word' id='word_1_316' title='bbox 202 3927 209 3941; x_wconf 79' lang='grc'><strong><em>’</em></strong></span> <span class='ocrx_word' id='word_1_317' title='bbox 281 3932 398 3984; x_wconf 82' lang='lat' dir='ltr'><strong>Tertull.</strong></span> <span class='ocrx_word' id='word_1_318' title='bbox 413 3931 567 3984; x_wconf 68' lang='lat' dir='ltr'><strong>adubiarc.</strong></span> <span class='ocrx_word' id='word_1_319' title='bbox 582 3929 607 3992; x_wconf 92' lang='lat' dir='ltr'><strong>l,</strong></span> <span class='ocrx_word' id='word_1_320' title='bbox 620 3929 662 3981; x_wconf 79' lang='lat'><strong>22.</strong></span> <span class='ocrx_word' id='word_1_321' title='bbox 680 3931 755 3982; x_wconf 86' lang='lat' dir='ltr'><strong>bomo</strong></span> <span class='ocrx_word' id='word_1_322' title='bbox 770 3931 914 3981; x_wconf 83' lang='lat' dir='ltr'><strong>damnatur</strong></span> <span class='ocrx_word' id='word_1_323' title='bbox 926 3929 956 3979; x_wconf 86' lang='lat' dir='ltr'><strong>in</strong></span> <span class='ocrx_word' id='word_1_324' title='bbox 970 3935 1081 3980; x_wconf 84' lang='lat' dir='ltr'><strong>mortem</strong></span> <span class='ocrx_word' id='word_1_325' title='bbox 1096 3933 1131 3982; x_wconf 91' lang='lat' dir='ltr'><strong>ab</strong></span> <span class='ocrx_word' id='word_1_326' title='bbox 1147 3934 1226 3984; x_wconf 85' lang='lat' dir='ltr'><strong>unius</strong></span> 
     </span>
     <span class='ocr_line' id='line_1_42' title="bbox 245 4014 1198 4084; baseline -0.003 -13"><span class='ocrx_word' id='word_1_327' title='bbox 245 4017 399 4071; x_wconf 81' lang='lat' dir='ltr'><strong>arbusculae</strong></span> <span class='ocrx_word' id='word_1_328' title='bbox 412 4017 595 4068; x_wconf 85' lang='lat' dir='ltr'><strong>delibationem</strong></span> <span class='ocrx_word' id='word_1_329' title='bbox 614 4023 638 4066; x_wconf 90' lang='lat' dir='ltr'><strong>ct</strong></span> <span class='ocrx_word' id='word_1_330' title='bbox 653 4016 744 4067; x_wconf 73' lang='lat' dir='ltr'><strong>exinde</strong></span> <span class='ocrx_word' id='word_1_331' title='bbox 753 4014 895 4083; x_wconf 81' lang='lat' dir='ltr'><strong>prosiliunt</strong></span> <span class='ocrx_word' id='word_1_332' title='bbox 909 4014 1005 4064; x_wconf 80' lang='lat' dir='ltr'><strong>delicta</strong></span> <span class='ocrx_word' id='word_1_333' title='bbox 1021 4032 1080 4067; x_wconf 84' lang='lat' dir='ltr'><strong>curn</strong></span> <span class='ocrx_word' id='word_1_334' title='bbox 1091 4020 1198 4084; x_wconf 86' lang='lat' dir='ltr'><strong>poenis.</strong></span> 
     </span>
    </p>
   </div>
   <div class='ocr_carea' id='block_1_10' title="bbox 282 4115 1226 4188">
    <p class='ocr_par' dir='ltr' id='par_1_10' title="bbox 282 4115 1226 4188">
     <span class='ocr_line' id='line_1_43' title="bbox 282 4115 1226 4188; baseline 0.001 -16"><span class='ocrx_word' id='word_1_335' title='bbox 282 4118 459 4172; x_wconf 72' lang='lat' dir='ltr'><strong>(tuditantia.</strong></span> <span class='ocrx_word' id='word_1_336' title='bbox 480 4116 506 4182; x_wconf 91' lang='lat'><strong>1,</strong></span> <span class='ocrx_word' id='word_1_337' title='bbox 529 4116 555 4183; x_wconf 77' lang='lat' dir='ltr'><strong>a,</strong></span> <span class='ocrx_word' id='word_1_338' title='bbox 575 4115 617 4171; x_wconf 77' lang='lat'><strong>35.</strong></span> <span class='ocrx_word' id='word_1_339' title='bbox 644 4134 722 4188; x_wconf 78' lang='lat' dir='ltr'><strong>quun</strong></span> <span class='ocrx_word' id='word_1_340' title='bbox 745 4117 842 4171; x_wconf 66' lang='lat' dir='ltr'><strong>enada</strong></span> <span class='ocrx_word' id='word_1_341' title='bbox 860 4118 1015 4172; x_wconf 71' lang='lat' dir='ltr'><strong>intentatio</strong></span> <span class='ocrx_word' id='word_1_342' title='bbox 1036 4119 1080 4171; x_wconf 82' lang='lat' dir='ltr'><strong>act</strong></span> <span class='ocrx_word' id='word_1_343' title='bbox 1102 4121 1226 4175; x_wconf 84' lang='lat' dir='ltr'><strong>educatio</strong></span> 
     </span>
    </p>
   </div>
   <div class='ocr_carea' id='block_1_11' title="bbox 0 0 1336 4756">
    <p class='ocr_par' dir='ltr' id='par_1_11' title="bbox 0 0 1336 4756">
     <span class='ocr_line' id='line_1_44' title="bbox 0 0 1336 4756; baseline 0 1"><span class='ocrx_word' id='word_1_344' title='bbox 0 0 1336 4756; x_wconf 95' lang='lat' dir='ltr'><strong> </strong></span> 
     </span>
    </p>
   </div>
  </div>
 </body>
</html>
