2618 4770
168 295 233 360 sss
510 338 513 347 .
615 239 798 350 rasso(

165 440 312 510 fallendi.
355 440 450 520 Quae
468 435 634 501 distinctio
649 458 711 502 nee
728 437 856 504 ratione
872 447 1018 503 constat:
1045 459 1128 504 nam
1144 439 1209 526 pro

164 530 315 595 universa
339 521 573 612 significatione
597 543 662 587 una
684 525 852 609 perseius
876 524 1044 588 statuiturz
1065 546 1132 588 nec
1148 545 1210 589 usu

164 612 390 679 confirmatur.
438 607 609 670 Interdum
629 608 718 672 enim
740 628 835 672 error
855 608 1058 696 intelligitur.
1103 608 1210 695 quue

163 699 347 783 intelligens
356 691 574 758 Doederlinus
589 694 624 757 in
633 693 821 780 Synonym.
852 694 923 758 Vol.
935 692 961 756 l.
982 717 1015 782 p.
1027 698 1080 757 66.
1097 695 1210 775 docet,

161 802 344 870 perperam
359 777 539 865 significare
554 776 598 856 id,
622 777 712 864 quod
726 777 761 842 in
777 800 815 843 re
830 778 901 866 ipsa
916 800 986 842 non
1004 801 1122 844 rerum
1140 803 1208 844 esse

11 912 21 937 .
124 920 141 963 4
163 874 395 952 cognoscatur,
415 862 609 948 unrielttig;
629 860 728 950 fuleo
743 873 852 928 cutem
872 864 934 928 dici
956 885 1107 929 errorem
1129 865 1210 942 eins,

164 957 221 1040 qui
240 949 363 1036 aliquid
384 947 484 1034 egerit
507 948 665 1011 insciensz
702 971 764 1013 aas
794 946 955 1033 Irrtluem.
1004 952 1049 1013 At
1073 972 1120 1014 ne
1142 950 1208 1015 hoc

188 1038 297 1102 uidem
323 1056 439 1134 praece
465 1043 536 1095 tum
561 1054 697 1097 omnem
722 1032 812 1098 verbi
844 1056 939 1098 usum
961 1035 1209 1121 complectitur.

162 1062 269 1209 inope
285 1142 373 1185 emm
382 1056 479 1207 fuiio
496 1129 673 1205 usurpatur
697 1116 736 1182 de
758 1140 802 1182 rc‘
817 1117 914 1192 falsa,
944 1119 1011 1184 sive
1034 1141 1121 1205 quae
1144 1144 1206 1185 nos

161 1207 262 1286 fallit,
296 1216 330 1270 et
350 1216 445 1290 saepe
468 1203 567 1267 etiam
592 1202 632 1266 de
656 1203 793 1267 consilio
820 1202 966 1268 fallendi.
1010 1206 1154 1279 Plautus¹
1174 1217 1205 1270 et

161 1291 336 1357 Terentius
365 1288 429 1351 hoc
458 1287 654 1352 vocabulum
678 1297 808 1352 tantum
841 1287 880 1353 de
909 1288 1124 1355 simulatione
1156 1293 1206 1356 vel

163 1375 339 1465 opprobrii
358 1374 409 1439 vel
433 1371 536 1437 laudis
562 1372 657 1437 etde
683 1372 869 1460 suspicione
891 1373 1012 1438 dieunt.
1056 1375 1148 1441 Nom
1173 1376 1207 1441 in

160 1464 238 1527 Hec.
256 1463 287 1539 5,
309 1467 340 1538 2,
365 1464 414 1523 13.
440 1458 674 1544 interpolatum
695 1480 764 1522 esse
795 1458 990 1523 vocabulum
1017 1459 1206 1526 luculenter

160 1545 394 1612 demonstravit
408 1543 589 1622 Bentleius,
620 1543 726 1607 sedin
744 1543 970 1609 constituendo
996 1544 1075 1609 loco
1098 1547 1202 1610 Andr.

158 1638 191 1712 3,
209 1640 240 1712 2,
257 1632 309 1696 25.
335 1631 409 1715 ipso
434 1628 499 1691 hoc
514 1628 650 1691 nomine
675 1628 791 1691 abusus
815 1639 873 1693 est.
915 1629 1047 1694 Erroria
1072 1630 1202 1718 signifi-

160 1721 243 1783 catio
261 1714 348 1802 apud
364 1715 561 1777 recentiores
578 1714 756 1799 scriptores
771 1713 945 1779 invenitur.
1051 1733 1053 1741 ’

261 1835 350 1888 Pleut.
365 1831 441 1883 Trln.
457 1828 522 1897 l‚'2‚
537 1830 596 1883 lte.
608 1832 702 1896 scisco
717 1849 753 1884 on
767 1850 828 1885 vero
844 1834 968 1897 laudent,
986 1834 1110 1902 culpent,
1128 1828 1199 1904 prere

222 1920 320 1980 velint,
354 1933 406 1967 non
425 1917 502 1982 flocci
522 1916 646 1981 saciant,
679 1918 741 1968 dnm
764 1918 846 1984 illud,
871 1920 939 1986 quod
964 1919 1068 1981 intent,
1105 1921 1197 1972 seiont.

223 2002 326 2056 Ennius
351 1999 422 2067 opud
440 1996 557 2051 Nonium
580 1999 607 2065 ’1,
628 2000 670 2054 13.
697 2019 761 2053 nom
782 2001 805 2053 is
829 2019 881 2054 non
904 2004 966 2054 tene
985 2003 1044 2054 nult
1066 2004 1134 2068 tibi,
1156 2005 1200 2073 qui

218 2072 293 2154 salio
315 2085 443 2139 eriminct'
459 2085 531 2152 aput
554 2090 589 2136 te.
624 2085 692 2137 (leto
713 2086 785 2154 apud
809 2084 965 2138 charisium
987 2104 1014 2154 p.
1030 2084 1094 2139 1³9.
1121 2089 1147 2140 ei
1161 2088 1198 2140 rei

224 2172 426 2238 tentoriorum,
444 2175 474 2219 ut
491 2168 555 2235 milei
569 2169 644 2233 soleo
656 2170 838 2223 fldediectnr.

235 2293 237 2299 ,
258 2271 348 2322 Plant.
365 2270 462 2336 Amph.
483 2269 508 2334 ²,
530 2269 556 2333 2,
578 2268 637 2322 181.
662 2270 705 2322 eir
726 2289 776 2341 ego
796 2278 858 2322 tans
875 2270 945 2322 eim?
969 2287 1003 2322 ne
1025 2289 1068 2324 nre
1089 2276 1194 2342 appella

218 2356 292 2422 salso
309 2357 383 2420 falso
402 2355 512 2405 nomine.
546 2353 572 2416 3,
586 2354 612 2417 2,
629 2353 654 2406 6.
673 2373 753 2422 neque
769 2373 809 2406 me
826 2356 961 2422 perpetiar
974 2357 1068 2423 probri
1084 2359 1194 2410 insimu-

223 2442 314 2492 latam.
351 2439 385 2489 ci.
400 2455 424 2488 v.
439 2437 480 2488 ¹21.
516 2437 574 2489 Mil.
591 2438 615 2502 2,
632 2439 657 2504 3,
673 2440 715 2492 23.
750 2440 852 2491 Bacch.
866 2439 891 2501 3,
907 2439 933 2502 3,
947 2438 988 2490 70.
1017 2448 1047 2493 tn
1070 2443 1192 2495 Pistocle-

221 2542 281 2576 rum
294 2524 369 2587 salso
386 2530 463 2588 atque
478 2522 603 2573 insontem
619 2525 720 2591 ar'gnis.
745 2525 771 2575 h.
789 2541 812 2575 e.
830 2523 975 2575 fallaciter.
1012 2524 1074 2577 Liv.
1084 2527 1129 2590 42,
1136 2528 1192 2591 2,1.

222 2624 299 2676 quum
322 2607 370 2656 alii
391 2607 477 2656 obesse
502 2622 573 2671 eum,
599 2607 648 2656 clii
674 2624 784 2675 aegrum
806 2624 871 2670 esse,
890 2609 964 2673 falso
984 2617 1126 2679 atrumque
1136 2616 1192 2679 fin-

221 2697 322 2759 gerent.

256 2792 344 2842 Plaut.
360 2791 462 2843 Bacch.
478 2789 503 2854 4,
519 2791 544 2853 1,
560 2779 602 2842 43.
623 2809 703 2860 neque
723 2800 752 2844 tn
773 2811 813 2845 nse
831 2794 1019 2859 habebiesolsc
1034 2806 1190 2866 suspectum.

220 2876 331 2928 Terent.
352 2877 421 2926 Hoc.
442 2873 467 2938 5,
487 2875 571 2939 2,11.
599 2885 702 2928 construe
722 2879 841 2928 rnrrlieree
868 2886 997 2946 suspectas
1012 2880 1103 2945 fuisse
1118 2885 1189 2949 soleo

220 2962 294 3012 nobis
308 2961 337 3011 in
352 2961 450 3027 reipsa
465 2960 617 3011 invenimus.
639 2962 738 3013 chut.
755 2961 781 3024 2,
796 2961 821 3025 3,
838 2961 879 3013 21.

253 3063 294 3113 De
319 3078 412 3112 errore
433 3062 517 3112 hacc:
550 3061 668 3115 Naevius
695 3062 723 3114 in
743 3065 952 3116 Acontizomcno
983 3067 1055 3133 apud
1081 3069 1189 3123 Charis.

218 3165 245 3216 p.
269 3146 326 3198 ltt).
353 3148 430 3198 linias
454 3153 540 3197 autem
564 3155 663 3214 gnatus
689 3149 785 3199 dicitnr
806 3166 960 3217 germanum
982 3151 1100 3202 alterum
1115 3157 1188 3218 falso

218 3232 347 3282 occidisse.
391 3231 469 3283 0vid.
492 3233 565 3282 Fnst.
588 3231 613 3294 5,
636 3230 694 3283 383.
722 3233 775 3282 sive
791 3250 839 3300 ego
858 3240 883 3283 te
898 3235 954 3297 feci
973 3241 1064 3285 testem
1082 3240 1188 3300 faucae

217 3314 297 3365 citavi
314 3333 367 3366 non
382 3317 500 3367 audituri
515 3316 625 3366 numina
639 3332 740 3383 magna
754 3316 828 3366 lovis.
871 3316 931 3368 niv.
946 3315 989 3381 34,
1004 3318 1046 3381 32,
1064 3320 1108 3373 13.
1128 3324 1186 3375 iube

215 3398 314 3449 cinctos
335 3401 456 3465 produci,
487 3408 518 3452 ut
533 3400 622 3450 miseri
632 3407 768 3466 parentes,
795 3416 856 3465 quos
872 3402 946 3464 falso
962 3403 1069 3468 lugent,
1101 3407 1187 3459 vivere

214 3481 307 3532 sciant.
329 3483 402 3534 Curt.
411 3482 435 3546 3,
445 3483 486 3546 12,
493 3483 518 3535 1.
535 3485 609 3549 salso
624 3483 763 3534 lamentari
777 3499 821 3532 eas
830 3485 941 3534 Darium
954 3486 1048 3537 viuum.
1071 3488 1184 3544 Sallust.

215 3564 276 3631 lug.
293 3564 317 3627 1,
335 3566 359 3617 1.
377 3569 451 3632 falso
465 3570 581 3636 queritur
595 3570 627 3619 de
642 3575 739 3617 natura
749 3583 798 3617 saa
808 3584 892 3634 genus
904 3569 1055 3621 homanum.
1078 3573 1185 3627 Tibull.

216 3646 339 3712 aare.
361 3652 435 3713 falso
456 3652 573 3718 plurimo
596 3652 689 3718 colgus
709 3658 789 3703 amat.
815 3651 833 3702 i.
849 3669 871 3702 e.
900 3650 928 3701 in
944 3668 1039 3704 errore
1054 3665 1184 3710 versatur

213 3748 290 3786 umor
304 3733 383 3800 vulgi
399 3741 426 3786 et
440 3752 510 3787 vana
527 3733 707 3802 amplectitur.

246 3836 288 3885 De
304 3853 334 3887 re
352 3853 404 3887 non
422 3855 504 3901 vcra,
530 3853 580 3886 noc
602 3841 705 3886 tanturn
729 3837 762 3887 nb
787 3853 878 3887 errore
901 3837 1040 3911 protectas
1069 3843 1131 3896 cte.
1149 3846 1184 3897 ad

212 3919 290 3971 Fam.
305 3919 330 3984 5,
345 3919 369 3984 5,
386 3920 410 3972 3.
435 3939 467 3971 ne
477 3925 550 3985 forte
570 3920 598 3970 id
619 3920 703 3987 ipsum
729 3924 833 3974 verbam
854 3941 967 3990 ponam,
992 3927 1061 3991 qunti
1087 3930 1136 3980 abs
1157 3936 1183 3981 te

212 4002 288 4054 ciunt
297 4006 371 4068 salso
381 4005 408 4055 in
415 4021 454 4055 rae
468 4005 548 4055 solere
561 4006 682 4068 conferri.
710 4006 742 4057 de
752 4007 826 4070 Lege
836 4007 908 4058 Man.
924 4006 966 4071 14,
982 4008 1024 4060 41.
1044 4014 1116 4077 qaod
1127 4013 1183 4064 iarn

209 4088 360 4144 nationibus
367 4089 459 4146 esteris
470 4089 619 4147 incredibile
627 4091 735 4158 asfaleo
742 4092 881 4146 memoriae
886 4093 1020 4162 proditore
1027 4094 1181 4151 videbatur.
