2618 4770
128 262 171 326 05
470 242 608 311 cuca,
651 242 831 313 cincun.

242 397 507 464 §nouaclum
532 400 757 471 ern-legato
778 398 859 463 111411
880 399 955 456 dcco
975 402 1177 457 mrumst

199 495 251 549 cies
269 495 461 563 ιιιοιιφιιαιιι,
476 486 669 540 commendauit
689 486 799 556 iusuper
819 486 982 540 ιιαοῆἰῠω.
1007 486 1057 540 ulai
1078 488 1178 545 (irone-

201 578 264 633 vios
272 579 362 631 haec:
378 573 483 641 ,immo
495 572 611 624 rutectis·
618 570 715 624 einim
734 586 800 625 nem
817 585 851 624 ea
866 586 921 624 vox
936 571 1071 641 reginus
1085 573 1178 643 legoes,

199 679 256 717 non
277 677 295 715 n
314 655 532 730 praepositione,
550 671 623 724 qnae
641 654 730 709 instar
749 655 876 709 adverbii
897 656 957 709 sine
979 672 1046 711 casn
1069 656 1179 711 nominir

201 745 321 818 ponitur.
330 746 349 775 “
390 741 472 813 Quod
491 739 607 810 probari
630 737 679 795 vix
702 743 801 810 potest.
845 740 887 796 Ac
905 741 1004 797 neunt
1024 740 1112 795 etium
1130 739 1179 797 stu

203 830 340 901 exemplo.

218 983 252 1047 4.
274 982 333 1046 His
352 976 469 1067 igitur,
494 998 578 1064 quae
595 976 628 1043 di
669 979 854 1059 utavimus,
874 976 1079 1067 intelligitur,
1100 976 1179 1044 anti·

135 1090 221 1170 quas
238 1068 414 1156 scriptores
429 1064 465 1129 in
488 1062 555 1127 hoa
570 1084 652 1129 voca
676 1062 732 1130 ulo
756 1085 891 1151 semper
907 1082 1010 1129 unam
1031 1064 1099 1130 loci
1119 1086 1180 1128 nc·

135 1168 265 1223 nonem
277 1150 432 1217 tenuisse.
476 1148 602 1214 Octavo
619 1149 756 1217 demum
771 1148 863 1214 urbis
878 1149 1009 1215 saeculo
1024 1149 1181 1216 desidera·

136 1242 234 1309 batur
259 1236 396 1325 aliquod
417 1232 634 1317 vocabulum,
665 1234 757 1322 quod
778 1235 819 1299 ad
843 1245 1032 1324 respectum
1053 1234 1181 1305 alicuius

136 1328 188 1395 rei
201 1322 427 1390 denotandum
442 1340 562 1405 graeco
584 1316 661 1383 κατά
680 1319 909 1409 responderet.
947 1321 1032 1386 Huic
1055 1318 1184 1386 notioni

61 1432 64 1437 ·
138 1440 158 1483 s
181 1423 256 1477 tum
277 1405 452 1475 videbatur
473 1425 544 1468 voc.
565 1404 679 1486 circa,
700 1404 793 1492 quod
814 1426 920 1493 quum
945 1407 1115 1495 regionem
1134 1404 1184 1481 vi,-

139 1504 254 1567 cmam'
266 1504 299 1557 et
315 1515 368 1557 rea
387 1511 422 1554 se
439 1489 635 1576 attingentes
658 1488 875 1577 significaret,
899 1490 999 1557 etiam
1022 1490 1063 1557 de
1084 1489 1185 1555 animi

139 1581 339 1671 cogitatione
358 1574 400 1639 ad
419 1573 562 1670 aliquam
576 1594 650 1640 rem
663 1576 766 1641 reluta
791 1583 824 1639 et
845 1573 887 1640 de
915 1577 1045 1641 actione
1068 1598 1105 1641 ac
1126 1595 1184 1639 ne-

163 1668 253 1742 otio,
272 1662 310 1729 in
336 1680 404 1747 quo
425 1680 498 1745 quis
526 1667 692 1735 versatur,
719 1658 874 1747 usurpari
897 1669 1042 1747 poterat.
1087 1657 1181 1725 Cani.

182 1754 239 1834 ,6.
269 1771 303 1835 p.
320 1752 373 1813 62.
416 1744 466 1809 lta
488 1743 610 1809 factum
636 1754 702 1826 est,
725 1755 762 1810 ut
784 1765 850 1809 una
874 1742 956 1809 haec
981 1746 1182 1833 praepositio

139 1834 353 1924 loquutiones
369 1852 422 1895 eas
445 1828 760 1920 comprehenderet,
781 1829 818 1895 in
839 1829 959 1916 quibus
987 1829 1182 1918 antiquiores

141 1922 319 2010 scriptores
347 1913 402 1992 ia,
437 1913 497 1991 cle,
530 1915 597 1996 ad,
627 1938 714 2003 erga
745 1914 932 2003 ponebant:
967 1936 1051 2002 quae
1079 1915 1184 1981 omnis

140 2024 357 2075 communem
372 1998 554 2066 admittunt
570 2001 742 2067 notionem
757 2000 1105 2089 appropinquationis.
1142 2000 1184 2067 lla

167 2114 209 2159 ua
225 2113 262 2157 re
275 2087 430 2153 dixerunt
443 2086 571 2151 Duker.
590 2084 631 2151 nd
645 2084 736 2151 Plor.
754 2092 791 2167 1,
811 2092 869 2167 10,
885 2087 918 2152 5.
962 2084 1128 2152 Schwarn.
1149 2082 1187 2171 ad

142 2117 368 2261 lun.1uneg.
392 2171 506 2253 95,1.
547 2172 732 2241 Burmann.
749 2169 797 2237 ad
821 2171 962 2253 Quintil.
985 2171 1134 2237 Declam.
1159 2176 1185 2249 1,

63 2313 66 2319 -
146 2268 197 2331 17.
219 2285 255 2350 p.
273 2264 327 2326 37.
370 2255 545 2323 Suetonius
562 2256 682 2343 aliique
704 2256 841 2344 plurimi
861 2258 1106 2322 coniunxerunt
1132 2254 1190 2321 sd-

144 2351 280 2428 icauna,
308 2364 392 2431 quas
413 2342 639 2409 conditionem
660 2341 804 2428 aliquam
834 2352 964 2420 notant,
992 2342 1189 2425 Quinctilio·

144 2457 227 2513 nus,
245 2441 385 2516 uterque
399 2428 522 2493 Plinius
539 2438 571 2493 et
584 2428 718 2492 Tacitus
736 2438 769 2491 et
782 2427 886 2492 semel
899 2428 1078 2493 Suetonius
1095 2428 1192 2495 etiam

145 2517 356 2587 substantiva.
407 2512 511 2598 quue
542 2533 615 2576 non
651 2512 887 2600 appellaverim
923 2513 1194 2601 depravationem

145 2606 297 2693 linguae.
316 2596 377 2665 sed
399 2597 626 2664 adiumentum
649 2597 686 2663 in
707 2595 774 2663 hoc
799 2597 959 2666 desiderio
981 2621 1053 2665 non
1069 2610 1195 2665 temere

146 2697 366 2779 assumptum.

260 2808 369 2863 Sueten.
383 2803 448 2857 Tib.
463 2801 507 2857 uu.
525 2804 596 2856 circo
609 2802 672 2857 deos
684 2820 717 2858 ac
729 2805 872 2877 religiones
885 2803 1075 2876 negligentior.
1090 2805 1109 2857 i.
1126 2821 1152 2858 e.
1166 2804 1195 2858 in

217 2890 338 2947 colendis
368 2888 429 2943 diis.
456 2888 522 2943 Ner.
543 2886 587 2941 ⁶1.
616 2887 707 2945 Tacit.
728 2890 780 2943 Au.
802 2888 853 2956 16,
877 2888 905 2944 8.
924 2891 970 2960 pa·
994 2914 1029 2929 *-
1053 2890 1195 2945 tantm

192 2988 195 2993 “
217 2974 414 3032 damnationem
425 2973 570 3041 frustrati,
587 2989 647 3044 arca
661 2974 792 3028 Neronem
813 2976 884 3027 eicco
904 2991 1009 3027 samma
1022 2974 1123 3027 scelera
1139 2976 1195 3029 dis-

219 3065 336 3125 tentum,
364 3060 441 3129 quast
461 3060 575 3112 minoren
597 3073 710 3112 wetere.
745 3060 840 3113 Germ.
864 3056 908 3111 28.
934 3058 969 3111 de
990 3058 1068 3112 Oret.
1094 3059 1195 3126 21,ss

218 3145 268 3210 22,
283 3142 309 3197 8.
343 3143 438 3196 lustin.
453 3141 503 3206 14,
518 3143 552 3208 1,
567 3141 594 3195 ὃ.
613 3149 644 3194 ut
660 3160 711 3211 pua
732 3144 810 3197 nodo
828 3141 901 3194 circo
920 3159 950 3195 se
972 3144 1089 3197 animati
1109 3148 1195 3199 cerui

217 3235 392 3298 cognosceret.
425 3227 538 3279 illinon
558 3224 677 3293 Apuleio
693 3227 812 3281 collecto
830 3226 917 3279 habet
938 3226 1070 3281 Pricaeus
1085 3226 1122 3281 od
1135 3230 1196 3281 Μι-

218 3318 285 3365 cam.
304 3329 332 3379 p.
346 3310 406 3363 28⁰.
424 3310 486 3363 not.
511 3327 538 3379 p.
552 3307 613 3363 635.
633 3310 712 3367 Soet.
728 3311 793 3366 'l'ilu
811 3309 856 3363 ll.
873 3329 953 3379 quum
968 3313 1040 3365 οιίσα
1052 3300 1196 3367 ealolmei

183 3418 186 3423 ⁴
217 3384 369 3449 auditoria
384 3397 564 3463 professorem
586 3396 708 3451 csfflm
732 3403 806 3451 eust.
825 3394 1196 3466 qnodBoumgsrten-crn-

219 3479 275 3533 ιίιιι
292 3479 321 3531 in
336 3478 417 3532 illari
431 3495 459 3549 p.
475 3478 537 3537 191.
554 3477 655 3533 mirum
670 3480 700 3533 in
720 3480 831 3535 modum
853 3479 1065 3549 interpretetur:
1086 3481 1115 3535 in
1135 3484 1196 3551 pln-

134 3590 147 3639 s.
202 3563 296 3617 ribus
321 3562 397 3619 circe
420 3564 529 3619 scholis.
572 3564 643 3633 conl.
667 3564 769 3619 uomit.
788 3558 816 3619 3.
836 3564 902 3618 Ner.
916 3564 960 3634 28.
984 3582 1017 3619 ac
1041 3560 1107 3635 quid
1119 3567 1196 3630 ,cim

139 3642 143 3649 ⁴
220 3646 286 3701 llaec
301 3656 454 3716 occupatum
467 3656 599 3702 auocaret.

227 3764 230 3771 ·
265 3750 396 3817 Quinctil.
418 3750 487 3821 lust.¹
507 3751 533 3804 1.
550 3767 592 3820 pr.
614 3749 640 3804 4.
662 3750 766 3804 nullom
787 3751 893 3822 ingenii
913 3756 1049 3823 sperantur
1073 3753 1196 3825 gratim

218 3832 288 3887 circa
303 3852 344 3887 res
363 3836 656 3900 alacrimoniam,
678 3836 772 3904 procul
789 3844 880 3891 tamen
898 3840 933 3890 cla
954 3838 1131 3892 ostentatione
1148 3858 1196 3909 po·

219 3918 293 3970 sitos.
318 3915 351 3982 4,
368 3917 401 3983 1,
415 3918 442 3974 u.
466 3920 530 3972 inde
542 3920 592 3972 itta
605 3927 721 3971 oetam
736 3919 807 3972 droa
822 3922 1005 3974 occultandam
1020 3923 1194 3992 eloquentiam

219 4000 360 4054 omotario.
377 4001 476 4068 11,2,
490 4002 537 4055 14.
569 4002 958 4073 rtia.np.a,9‚1t.cirec
977 4006 1122 4060 Classicum
1136 4008 1195 4077 qni·

222 4084 280 4137 dom
297 4086 380 4139 &eois
400 4093 426 4140 et
442 4088 578 4157 ”peditus
592 4090 677 4144 lnior.
712 4089 849 4144 unna·
867 4088 983 4145 stl’ttn.
998 4090 1049 4157 11,
1062 4090 1105 4145 w.
1121 4090 1193 4161 (11)
