2618 4770
125 245 200 309 470-
616 235 691 304 ΕΤ.

127 396 240 461 omniu
257 392 400 461 modesti
425 411 496 456 non
519 401 604 456 esset
628 389 741 455 critici.
785 389 851 456 Sed
875 406 930 478 et,
964 395 1157 462 omissumin

128 482 293 558 seeundo,
314 478 444 544 nomini
465 477 647 564 opponitur
669 476 768 541 tertio
792 486 882 560 tum,
921 484 1031 568 quum
1045 483 1079 549 in
1092 493 1161 549 cern

35 570 38 575 ’
129 568 356 654 designatione
372 563 534 630 clauditur
555 587 668 628 rernm
693 562 796 638 ordo,
830 572 949 632 omnes
969 579 1163 655 perimon-

127 656 256 732 tineus,
280 651 378 719 veluti
394 646 482 736 apud
502 649 569 714 Cic.
586 650 676 715 Lnel.
695 655 805 729 11,13.
827 650 1010 732 C.Cnrbe‚
1028 653 1067 718 0.
1083 653 1177 735 cata.

128 752 161 807 et
176 740 317 806 minime
333 747 406 800 tum
421 735 558 822 quidem
576 735 681 801 Cuius
699 735 827 820 frater,
855 761 947 804 nime
959 740 1061 804 idem
1082 752 1166 805 ucer.

104 827 247 901 simne.
294 825 405 906 Qunre
422 833 454 884 et
470 821 636 905 imprimis
657 833 731 886 unte
755 844 790 884 eu
813 826 952 890 nornine
975 836 1112 914 occupet
1129 826 1168 890 lo-
1200 900 1203 907 Ι

106 932 223 991 cum,
256 930 339 1008 quae
361 919 471 973 totum
494 928 595 993 genus
621 907 900 995 complectuntur.
950 911 1023 978 Atta
1045 933 1170 1000 prorsus

128 1006 178 1064 est
193 1019 246 1062 res
267 1017 301 1061 in
317 1016 398 1084 qrre,
428 993 518 1078 quod
535 993 602 1059 inm
619 992 713 1057 dietis
728 992 852 1078 aliquid
870 996 979 1061 adiicit
994 999 1029 1063 in
1048 1012 1171 1083 nequam

126 1082 305 1149 rationem.
357 1080 488 1146 Temen
510 1079 724 1143 inveniuntur
753 1082 852 1145 etium
875 1083 963 1169 apud
988 1084 1176 1151 Ciceronem,

127 1166 214 1247 ioci,
239 1165 410 1252 inquibus
436 1166 477 1229 de
499 1166 634 1230 veritate
656 1163 754 1229 huius
781 1167 1021 1234 observationis
1045 1169 1173 1237 dubitari

128 1253 254 1346 possit:
279 1251 337 1316 sed
354 1253 452 1339 pauci
466 1261 554 1316 sunt.

233 1372 310 1427 Melo
334 1392 363 1428 ss
384 1373 470 1429 hebet
491 1369 618 1424 codicum
633 1370 822 1437 quorumdem
841 1373 980 1442 scripture
1000 1373 1032 1428 in
1055 1358 1173 1444 Quinctii.
1211 1406 1214 1439 ,

144 1484 146 1489 v
192 1457 224 1524 ὃ,
242 1457 269 1525 d,
285 1457 329 1515 25,
352 1459 401 1511 alii
417 1474 508 1509 novem
524 1456 652 1508 elementa
670 1463 831 1523 pesuerunt-r
854 1446 1071 1535 persenamin
1085 1480 1135 1530 pua
1148 1463 1174 1516 le
1209 1450 1214 1521 l

182 1531 301 1608 'animm
320 1559 428 1611 corpore
440 1550 466 1595 ct
481 1549 557 1594 entra
570 1540 674 1611 positis.
709 1538 780 1592 item
793 1539 819 1606 4,
834 1541 862 1606 2,
878 1541 923 1597 24.
939 1550 971 1597 ut
986 1545 1068 1597 iudex
1080 1547 1119 1598 ‘ud
1129 1542 1175 1601 τό.
1211 1546 1214 1605 ζ

195 1629 376 1696 accipiendam
383 1629 440 1696 fiat
454 1625 635 1690 conciliatior,
655 1624 766 1678 docilior
781 1633 806 1678 et
821 1626 955 1683 intentior.
991 1616 1175 1697 curcorjlt
1212 1668 1214 1673 -

196 1713 291 1769 adiicit
319 1711 361 1765 itit
385 1711 585 1779 Apboebetum,
617 1710 738 1775 Iberum,
771 1711 935 1782 mesenum,
968 1714 1176 1783 Aranepottnn
1211 1710 1214 1729 ³

162 1780 176 1797 ‘¹
194 1797 348 1864 Amyntam.
384 1794 441 1848 cto.
450 1794 532 1848 Tusc.
542 1790 618 1858 nat,
628 1791 671 1845 81.
693 1801 781 1847 certae
794 1796 899 1850 scholae
911 1801 973 1849 eunt
984 1799 1018 1851 de
1033 1799 1138 1866 exsilio,
1149 1801 1178 1855 dt

196 1873 312 1936 interitu¹
322 1878 445 1948 patriae,
472 1879 504 1930 de
518 1876 658 1943 seruitute,
684 1880 716 1931 de
731 1870 886 1946 debilitate,
911 1882 943 1934 de
962 1884 1090 1957 coecitate
1110 1874 1177 1939 etde

196 1965 269 2020 omni
291 1964 369 2028 cusu,
396 1963 425 2014 in
447 1982 496 2032 quo
517 1981 613 2018 senten
630 1964 697 2033 poni
716 1965 781 2017 solet
799 1964 974 2018 calamitatis'
1005 1968 1135 2023 Davisius
1154 1972 1182 2025 ei.

195 2048 309 2107 wolfius
331 2049 472 2104 eiecerunt
494 2055 535 2116 et,
566 2050 637 2121 quod
653 2051 752 2104 obesse
766 2056 912 2102 narrante
930 2044 1179 2118 quibusdam'eedl.
1193 2068 1214 2125 ’ξ

60 2162 72 2170 -
194 2134 321 2192 directo
339 2151 369 2186 se
388 2132 520 2197 haberet,
554 2134 578 2187 si
601 2132 785 2187 consentirent
805 2132 883 2188 iibri.
922 2130 978 2211 iid.
993 2136 1132 2198 ‚Geel-ens.
1149 2136 1178 2193 nl
1211 2130 1214 2141 ¹

113 2270 116 2276 ,
196 2217 281 2277 teet.
301 2218 328 2284 2,
352 2216 396 2283 n,
419 2216 461 2276 86.
497 2218 579 2273 Tusc,
600 2217 626 2284 5,
647 2218 674 2285 4,
698 2219 741 2272 10.
771 2216 937 2292 studioseque
958 2221 995 2272 eb
1016 2221 1052 2274 iis
1074 2220 1179 2277 sideri·
1211 2232 1214 2289 j

195 2302 412 2373 magnitudines,
433 2303 593 2367 interuallo,
620 2322 711 2358 cursus
726 2304 954 2373 anquirebantur,
975 2311 1002 2357 et
1016 2313 1113 2359 cuncta
1127 2322 1177 2361 ece
1212 2310 1214 2321 '

196 2388 282 2447 lestia,
308 2386 326 2446 i.
353 2406 377 2446 e.
407 2393 434 2440 et
456 2387 496 2440 sio
520 2387 631 2440 omnino
651 2396 750 2444 cuncte
776 2388 920 2442 caelestia.
946 2388 1023 2441 Curi.
1047 2387 1074 2455 5,
1095 2389 1121 2455 5,
1140 2388 1176 2455 lb.

198 2473 258 2525 deos
277 2501 312 2517 -η
332 2475 428 2541 offerre
443 2474 578 2542 patriam,
606 2475 746 2543 coniuges,
774 2475 869 2526 liberos
886 2481 912 2528 et
927 2473 1058 2544 quidquid
1072 2475 1177 2530 beminen

197 2557 239 2614 uel
253 2557 311 2614 uita
326 2559 466 2615 aestimant
480 2559 521 2609 nel
536 2564 619 2612 morte
635 2558 776 2613 redimunt.

232 2659 351 2718 Diversa
367 2666 408 2712 est
424 2660 495 2719 ratio
514 2678 624 2726 eorum,
640 2661 673 2718 in
695 2661 793 2729 quibus
817 2667 910 2729 partes
928 2679 961 2714 ex
979 2663 1097 2717 adverso
1114 2681 1177 2717 com·

176 2750 348 2817 ponuntur,
369 2746 445 2803 volut
460 2747 531 2815 ppud
549 2748 624 2799 (luri.
632 2746 674 2811 lt),
686 2745 712 2811 Β,
720 2745 764 2804 13.
777 2749 852 2813 sorte
869 2746 1080 2814 itntneeiderat,
1099 2748 1178 2818 utqui

198 2829 227 2887 in
246 2832 322 2898 agris
338 2839 430 2895 crant,
449 2860 483 2875 ν-
500 2834 674 2902 confugerent
690 2832 718 2888 in
732 2833 839 2896 urbem,
866 2832 997 2905 oppidani
1013 2861 1049 2870 -
1066 2837 1179 2887 urbem·

199 2915 320 2971 cederent
330 2925 354 2968 et
367 2917 470 2984 utrique
483 2919 578 2986 generi
593 2917 677 2975 tutior
692 2917 781 2969 alienu
797 2916 869 2971 sedes
884 2934 964 2983 quam
979 2935 1030 2970 suu
1047 2920 1178 2971 videretur.

200 2997 313 3059 Terent,
331 3003 399 3058 Eun.
416 3000 440 3067 5,
452 3001 468 3054 8
479 3001 583 3070 (9),44.
605 3003 700 3058 etenim
715 3003 777 3053 bene
792 3002 904 3054 libenter
917 2996 1041 3067 victibus,
1061 3003 1129 3071 quod
1142 3002 1180 3055 der

197 3086 319 3158 paullum
334 3095 387 3151 cst,
415 3093 440 3141 el
463 3106 563 3147 necesse
583 3095 622 3147 est
643 3088 754 3146 multum
774 3086 892 3161 accipere
913 3086 1053 3143 Thaidem.
1073 3087 1093 3141 i.
1112 3105 1134 3141 e.
1157 3089 1180 3140 ei

200 3173 302 3229 temen,
321 3169 376 3229 vid,
393 3190 419 3240 p,
436 3171 495 3231 479,

235 3271 292 3332 cic,
307 3259 406 3334 Peind,
415 3273 440 3339 6,
448 3274 474 3339 2,
483 3273 524 3334 49,
543 3277 639 3343 signa,
654 3274 777 3341 tubulus,
791 3276 976 3346 supellectilem
991 3281 1017 3328 et
1034 3266 1132 3328 ueitem
1146 3272 1181 3326 ie·

195 3357 276 3432 finite
290 3361 488 3427 concupiscenti.
522 3360 674 3417 Lambinus
691 3361 783 3418 omisit
802 3368 842 3424 et,
862 3360 920 3413 sinc
941 3360 1025 3413 dubie
1044 3362 1081 3413 ob
1098 3364 1182 3414 auen

199 3440 466 3500 ritatem‘codicnm.
493 3445 584 3504 Tacit.
603 3444 675 3499 nist.
695 3447 721 3510 2,
738 3445 780 3503 95,
800 3445 935 3501 Asiaticus
955 3446 1118 3519 Polycletus,
1136 3445 1182 3498 Pa·

201 3527 294 3588 tribios
310 3535 335 3582 el
349 3536 438 3589 vetera
453 3530 573 3588 odiorum
587 3531 695 3583 nomina
712 3532 854 3601 aequabat.
924 3540 928 3547 “

235 3630 318 3691 Vsum
338 3631 491 3705 particulae
512 3641 538 3686 et
558 3633 601 3693 bis
620 3633 692 3685 inter
715 3632 770 3691 nia
792 3633 904 3692 nomino
924 3622 1031 3702 positae
1057 3631 1186 3701 exempli·

201 3715 295 3774 uultis
311 3716 434 3778 declaret
448 3717 588 3777 Drakenb.
613 3716 647 3776 od
667 3717 728 3779 Liv,
749 3718 823 3787 Epit.
843 3717 885 3777 46,
921 3719 976 3774 Sed
992 3724 1105 3773 veteres
1124 3714 1187 3770 scri·

202 3806 294 3876 ptores
317 3801 428 3863 rariore
450 3803 540 3856 solent
562 3803 693 3860 cretionis
719 3806 845 3863 formum.
876 3805 920 3863 na
936 3802 1056 3856 secundo
1073 3796 1138 3855 ioco
1156 3805 1188 3864 el,

201 3883 284 3947 tertio
294 3885 570 3960 quefreqnentissimc
580 3888 705 3956 ponitur,
727 3895 755 3942 et
771 3889 966 3959 acsivcatque.
1003 3880 1190 3956 Permagnam

202 3971 309 4037 copiam
341 3971 529 4036 exemplorum
558 3991 592 4031 ex
620 3991 674 4031 uno
707 3977 826 4034 (laesuro
856 3974 972 4045 collegit
1000 3970 1191 4042 Elberlingins

202 4056 347 4125 Obiciunt
364 4054 398 4119 nt
414 4056 492 4139 Gens
510 4075 537 4136 p·
552 4057 612 4122 113.
