2618 4770
205 294 270 361 358
379 262 383 271 ’
669 270 799 367 Etlllv.

278 443 340 502 101.
357 444 438 504 caea,
457 453 505 492 cor
518 450 570 507 ego
592 435 654 504 ptus
675 433 812 500 rutamque
821 428 894 497 scol,
910 426 953 482 uti
971 441 1052 498 quon
1068 440 1183 496 ccum
1193 424 1243 493 set.
1271 483 1277 495 Ι
1302 451 1304 456 ·

281 530 332 585 ubi
349 533 442 582 tomen
457 521 507 575 ulii
520 514 675 573 colotes.
808 552 810 557 ·
1176 546 1179 551 ,
1262 540 1265 547 ·

317 617 360 670 De
384 605 546 677 integritate
560 601 714 671 scriptume
728 599 849 658 dubitari
869 597 936 656 neat
949 596 980 649 in
991 594 1084 654 rnna
1102 595 1179 651 Tria.
1192 594 1247 663 24.

283 699 345 755 1⁰2.
369 697 450 758 cbcu,
474 690 519 742 ubi
534 705 596 742 oruc
618 688 686 741 attat
708 693 768 739 erat
790 686 902 747 dictum
929 682 1059 750 spondeo,
1086 682 1196 739 dicabat.
1222 684 1250 738 ta

288 782 355 836 edit.
370 777 457 849 princ.
479 776 540 827 beo.
573 771 606 824 ln
622 773 675 824 bac
693 769 803 839 quidem
820 765 953 823 sententie
968 765 1014 820 rix
1029 765 1165 827 obtinebit
1177 768 1250 825 locu!
1284 813 1285 816 ,

188 898 201 915 .
286 869 360 926 cbcu.
394 861 507 921 Falsum
524 862 567 911 est
589 856 679 921 enim,
699 856 770 924 quod
789 851 962 907 Passeratius
983 851 1019 906 od
1035 852 1164 921 Propect.
1181 851 1251 919 nn,
1277 925 1278 930 1

73 926 78 935 ’
285 950 329 1005 ao.
357 943 478 1000 aurare.
510 942 571 996 raa.
590 958 655 995 m.
689 938 905 993 Admirationem
924 926 1013 1006 neque
1041 936 1076 993 aa
1096 938 1194 995 nona
1207 938 1273 993 aa·

288 1035 322 1100 2,
341 1032 374 1099 3,
388 1029 448 1083 11111.
465 1045 553 1098 neque
571 1025 601 1080 in
615 1026 650 1092 l,
670 1022 759 1094 3,(16.
773 1041 862 1094 nequo
876 1023 906 1079 in
924 1024 1001 1078 Pero.
1016 1019 1048 1089 5,
1064 1021 1126 1078 let.
1140 1010 1253 1095 intelligi,
1280 1060 1284 1067 -

290 1117 366 1173 baud
384 1115 496 1170 dubium
510 1119 559 1168 cst.
1152 1134 1156 1141 ·

306 1227 339 1287 2.
366 1221 425 1286 Sae
452 1217 566 1288 calceo
581 1215 719 1304 ponitur
732 1221 887 1302 sequente
905 1234 1018 1300 quom.
1063 1211 1205 1294 Quiito.
1216 1212 1255 1279 lo-

226 1306 338 1398 quitur
347 1355 357 1387 ,
382 1241 472 1373 dolet
487 1326 560 1367 rem
573 1313 643 1365 tam
658 1323 833 1388 magnam,
860 1308 965 1364 tamve
981 1298 1089 1369 diram
1106 1322 1184 1367 esse.

328 1411 428 1463 Horat.
449 1405 507 1459 Sat.
522 1406 554 1472 1,
567 1403 601 1470 3,
616 1401 660 1456 ot.
690 1404 771 1468 obeo,
794 1419 872 1470 quom
895 1408 990 1454 temere
1016 1401 1169 1455 ire-nomer
1188 1402 1257 1473 lagu

295 1495 427 1548 sancimus
455 1490 589 1558 iniquom!
628 1487 728 1555 vergit.
751 1488 811 1540 Ecl.
826 1485 860 1550 8,
878 1485 938 1537 lou.
959 1486 1040 1551 eben,
1073 1503 1155 1554 quom
1177 1486 1259 1557 plag·
1290 1483 1291 1490 ’

296 1595 385 1632 mcccc
399 1582 438 1629 cat
452 1574 519 1628 miti
532 1581 626 1625 tauros
640 1572 670 1624 ia
685 1571 764 1622 noo!
796 1571 883 1622 Poeta
897 1568 969 1638 opud
986 1567 1044 1641 (lic.
1066 1568 1103 1621 do
1123 1568 1178 1624 ott.
1192 1570 1259 1638 W,

236 1709 239 1714 .
295 1660 356 1716 lau.
374 1679 390 1714 o
405 1661 496 1713 domuc
512 1657 639 1725 antiquo!
656 1655 722 1709 abac
736 1672 815 1725 qoam
831 1654 935 1723 dispari
949 1652 1220 1713 dominorcdomlnol
1285 1649 1287 1668 ³

310 1768 342 1827 8.
373 1757 534 1826 Porticula
558 1756 640 1821 baoo
661 1778 730 1821 non
752 1756 853 1821 modo
884 1756 924 1820 ab
954 1746 1049 1822 initio
1072 1758 1286 1835 sententiae:

229 1845 287 1910 sed
303 1847 403 1910 etiam
423 1846 457 1915 in
472 1843 578 1909 modia
601 1844 750 1908 oratione
767 1841 966 1920 collocatur,
986 1840 1184 1931 lugubribus
1204 1858 1282 1911 rer·

230 1930 281 1998 bis
297 1930 453 2025 praefixa.

334 2032 414 2088 ovid.
428 2029 513 2085 Trist.
529 2027 561 2094 5,
577 2029 611 2094 ’1,
628 2028 671 2082 21.
695 2028 760 2082 vivit
782 2031 812 2082 in
833 2031 892 2095 bio,
911 2031 991 2096 obeo,
1011 2038 1162 2082 tenerorum
1183 2030 1262 2088 oblitu

299 2136 427 2172 cruorum.
462 2115 573 2168 Aatbol.
587 2112 620 2179 4,
635 2113 702 2178 223,
717 2111 744 2167 5.
764 2116 851 2184 accipe
864 2116 949 2168 nostri
969 2122 1111 2181 cateruas,
1130 2116 1202 2180 otoo,
1217 2131 1264 2169 cor·

299 2203 379 2259 micis
395 2201 537 2269 exsequias.
1083 2199 1088 2213 “

316 2309 346 2369 4.
376 2302 549 2369 Musonius
566 2322 670 2387 quum
686 2299 726 2365 ad
735 2300 850 2386 virgil.
863 2301 933 2367 Ecl.
951 2307 991 2385 2,
1005 2290 1058 2369 58.
1076 2300 1267 2379 declarasset,
1282 2266 1288 2301 ³

233 2389 315 2456 cheu
332 2389 441 2477 prima
459 2387 550 2455 brevi
565 2387 712 2452 iambum
740 2408 827 2461 esse,
857 2388 1066 2454 Burmannus
1089 2398 1225 2475 uterque
1245 2395 1269 2450 ot

234 2475 437 2539 Schraderus
462 2484 495 2537 et
519 2472 623 2537 critici
646 2481 779 2536 nostrae
804 2475 913 2537 aetatis
938 2472 1054 2554 multi,
1086 2473 1269 2558 ubicumque

233 2559 443 2626 inveniebant
472 2559 625 2646 priorem
654 2557 815 2644 syllabam
848 2559 883 2621 in
913 2559 995 2623 eheu
1023 2558 1269 2645 producendam,
1304 2596 1307 2633 :

235 2653 453 2709 correxerunt
475 2645 557 2720 heu,
585 2643 668 2721 lacu,
692 2653 790 2727 atque
816 2642 899 2708 illud
923 2666 1041 2732 praece
1068 2654 1143 2710 tum
1165 2645 1270 2709 iterum
1305 2686 1307 2691 -

177 2774 180 2780 -
235 2737 333 2817 atque
351 2731 472 2794 iterum
491 2726 666 2792 incredulis
684 2727 902 2792 inculcarunt.
945 2727 1030 2794 Mihi
1043 2668 1134 2795 llaec
1154 2731 1271 2817 sapien·

234 2815 281 2880 tia
297 2816 403 2879 inanis
419 2826 452 2879 et
466 2835 619 2901 perversa
633 2835 764 2900 semper
780 2818 845 2879 visa
863 2825 922 2878 est.
952 2814 1039 2878 Nam
1054 2816 1203 2914 primum
1217 2821 1273 2878 erat

237 2900 550 2978 demonstrandum,
573 2908 709 2988 poetas,
741 2899 798 2985 qui
819 2922 891 2964 non
915 2900 1109 2966 comoedias·
1127 2899 1273 2977 fecerunt,

237 2997 293 3051 aut
311 3008 494 3072 numquam
508 2984 570 3048 hac
585 2981 697 3053 forma
712 2984 794 3048 eheu
809 3006 888 3050 usos
911 3008 999 3066 esse,
1024 2997 1080 3050 aut
1100 2984 1274 3051 adhibuisse

236 3071 492 3161 productionem
516 3068 660 3157 syllabae
676 3093 704 3134 e.
754 3069 886 3135 Etenim
909 3093 1008 3135 nemo
1034 3072 1207 3170 usurpavit
1228 3091 1276 3133 us·

208 3226 212 3233 ,
238 3178 338 3241 quam
354 3156 445 3221 brevi
459 3154 595 3242 syllaba.
641 3155 719 3237 Quo
736 3158 846 3225 minus
867 3158 999 3221 veroin
1021 3157 1245 3222 interiectione
1262 3174 1276 3218 c

238 3241 347 3307 littera
377 3243 474 3306 etiam
497 3240 755 3326 produceretur,
783 3241 912 3306 nullum
935 3244 1046 3311 aderat
1067 3244 1114 3308 im
1142 3243 1277 3309 adimen-

240 3336 325 3390 tum.
368 3325 412 3390 Et
427 3325 575 3392 Valerius
590 3324 717 3415 Probus
737 3327 850 3411 Graan.
864 3327 941 3391 inst.
956 3352 991 3416 p.
1010 3329 1102 3394 1450.
1116 3266 1201 3412 lec,
1221 3327 1278 3391 circ

240 3412 339 3489 elaeae,
362 3411 611 3476 interi-cotiones
620 3411 813 3497 productos
829 3410 980 3498 syllabus
994 3412 1143 3495 babent,
1167 3426 1205 3481 ut
1226 3413 1278 3476 aaa

239 3518 325 3583 quoe
347 3518 436 3560 nunc
462 3495 560 3561 tellus
582 3497 711 3583 iuquit,
732 3505 766 3560 et
790 3497 872 3567 eheu
898 3521 1000 3584 quom
1023 3501 1156 3587 pingui
1178 3514 1279 3564 morer

239 3593 299 3651 est.
354 3581 424 3645 Sed
447 3581 532 3651 laceo
558 3582 651 3647 ornari
671 3600 798 3668 genere
820 3595 1003 3668 poetarum
1029 3586 1151 3672 opteri
1167 3591 1281 3673 puteat.

239 3667 307 3737 Nec
330 3666 400 3731 sine
423 3667 613 3732 auctoritato
627 3666 857 3731 Broukbusius
881 3669 920 3733 ad
935 3672 1083 3758 Propert.
1101 3677 1143 3753 2,
1167 3676 1217 3747 19,
1238 3671 1282 3733 22·

240 3750 353 3830 refert,
372 3752 483 3834 libros,
502 3774 586 3838 quos
603 3752 735 3837 longior
752 3763 835 3817 aetas
855 3756 1083 3837 commendet,
1104 3756 1209 3827 veluti
1221 3755 1282 3819 Ho-

240 3837 315 3909 ralii
335 3837 653 3923 praestantissimum
670 3837 837 3920 codicem,
859 3843 1104 3922 nannenten,
1127 3841 1189 3907 sed
1213 3840 1282 3906 etas

242 3921 415 4001 exhibere,
452 3923 552 4007 idque
581 3943 696 3987 verum
730 3946 798 3988 esse
830 3925 973 3990 affirmat
1003 3926 1224 4015 Oudendorp.
1251 3920 1284 3987 ad

242 4009 339 4092 Apul.
356 4008 437 4072 Met.
455 4031 487 4097 p.
505 4009 576 4071 533.
601 4008 814 4085 Contrarium
833 4009 872 4073 dc
885 4013 1011 4077 Horatii
1027 4011 1200 4078 codicibus
1218 4030 1285 4075 nar-

244 4104 296 4165 rat
323 4093 502 4160 Burmann.
527 4090 568 4159 ad
594 4092 771 4183 Antholog.
793 4095 893 4161 tom.
912 4103 943 4169 3.
965 4122 999 4186 p.
1016 4099 1090 4165 579.
1134 4096 1224 4163 lllud
1244 4106 1286 4162 ta-
