2618 4770
155 232 230 297 236'
326 228 328 233 ’
570 222 792 292 DEINCEPS.

221 384 333 438 excussis
353 382 469 435 annales·
484 380 570 433 Ennii
576 418 585 443 ,
609 385 640 432 ut
662 379 783 448 deinceps
803 380 859 451 legi
875 380 999 452 possim,
1032 378 1115 450 effici.
1138 381 1158 438 t.
1180 398 1197 438 ο

223 472 351 523 continua
367 469 497 521 lectione.
1098 472 1101 477 ·

266 572 324 625 cto.
341 572 375 623 dc
393 569 499 634 Iuv.‚l‚
513 568 565 633 20,
580 566 624 621 28.
644 569 669 621 si
686 586 741 620 non
756 571 789 622 ot
805 586 851 635 eo,
876 571 905 622 in
923 590 973 639 quo
993 574 1116 641 pessime
1136 574 1197 626 desi·

204 638 276 708 'mn
294 658 360 722 crit,
378 658 499 724 deinceps
519 654 669 723 incipietur.
691 652 710 706 i.
725 671 748 706 s.
775 655 901 707 continuo
924 663 993 723 post.
1014 659 1084 710 coni.
1102 676 1129 726 p.
1143 658 1197 711 231.

196 742 275 814 *Sca
299 742 359 794 Liv.
381 732 482 807 1,’41,
498 736 524 791 6.
568 756 646 807 queem
670 740 803 810 Tanaquil
824 742 1049 794 tantum¹moliri
1076 745 1197 811 potuisset

189 836 192 841 '
220 813 326 893 animo,
345 834 376 880 ut
388 828 439 878 duo
459 825 586 876 continua
604 841 692 894 regna
713 827 786 889 uiro,
803 844 836 877 ac
857 828 977 894 deinceps
990 845 1093 897 *genero
1116 830 1197 881 dedis·

217 922 265 967 set.
283 914 316 965 de
332 913 436 964 duobus
451 908 551 962 dicitur
566 927 616 978 pro
629 927 661 960 ac
673 917 733 977 pout
748 927 806 961 eum
821 927 852 962 en
867 913 967 982 ordine.
991 913 1027 962 ef.
1044 929 1129 981 supra
1139 912 1197 966 'Isin

215 999 248 1064 l,
262 999 312 1063 21,
326 997 352 1050 6.
371 996 429 1050 cic.
445 995 578 1067 104112,
597 993 646 1058 14,
664 993 707 1045 46.
728 994 760 1046 de
779 996 871 1064 quitus
887 997 941 1047 iam
956 994 1088 1049 diximus.-
1107 1004 1133 1049 et
1148 1015 1197 1050 esce

215 1084 349 1147 desuetos,
367 1089 398 1134 ut
413 1082 547 1147 oecu'riere
559 1081 688 1151 pessimus
703 1080 960 1149 interrogationibus
985 1101 1077 1136 sorum
1099 1086 1197 1152 captiu-

165 1172 169 1179 '
217 1185 314 1236 necque
333 1168 478 1221 discutere:
496 1166 565 1235 qscod
586 1166 707 1231 deinceps
725 1167 819 1230 facere
843 1169 975 1220 constitui.
992 1168 1008 1218 i.
1028 1183 1052 1220 e.
1066 1168 1197 1236 proxime.

216 1254 278 1308 Ltv.
292 1251 325 1318 6,
340 1252 392 1317 29,
408 1249 511 1323 lisceto
525 1259 666 1319 praeterea
685 1251 785 1317 oppida
806 1258 883 1303 erant
903 1254 950 1303 sul
967 1253 1067 1304 ditione
1084 1253 1196 1306 Praene·

215 1341 365 1398 eticorum„
378 1338 422 1389 Ad
437 1353 469 1387 ea
483 1332 667 1386 circumlatum
683 1336 796 1387 bellum:
816 1337 995 1407 deincepsque,
1009 1339 1084 1390 haud
1099 1326 1197 1410 magne

176 1479 181 1493 ,
216 1425 361 1497 certamine
379 1422 474 1494 captis,
496 1421 609 1474 Velitrae
627 1421 754 1474 exercitus
773 1423 884 1495 tuctus,

94 1594 97 1600 ·
212 1566 264 1628 ’7.
283 1561 369 1625 Hine
386 1567 638 1646 componuntur
654 1557 780 1622 diversa
794 1558 936 1629 nomina
953 1556 1080 1624 deinde
1094 1559 1192 1626 dein·

145 1645 348 1747 ceph-inde
372 1644 548 1731 deinceps,
571 1656 697 1730 postea
723 1643 843 1709 deince
868 1637 1192 1730 s,qfid'r'i1’r‘n“ci‘l'iicie

145 1666 881 1829 tempoii‘s*'''c*ciiis'icqtt'lttitt'n'tertr“t'ltiriiiliiissi,m
900 1730 1038 1794 alterum
1077 1734 1193 1797 seriem

145 1823 381 1885 continuumve
395 1817 561 1881 ordinem.
583 1816 619 1879 td
637 1817 789 1902 exposuit
803 1816 989 1903 Wopkens.
1007 1817 1030 1880 l.
1047 1818 1070 1880 l.
1096 1818 1197 1898 Quod

143 1911 179 1972 in
203 1906 253 1970 his
282 1902 460 1984 formulis2
475 1925 518 1967 ne
546 1923 725 1966 concursus
749 1903 908 1966 similium
931 1924 1049 1966 vocum
1076 1904 1197 1991 displi-¹

145 2003 236 2070 cent,
269 2013 368 2078 saepo
392 1990 616 2078 interponitup
640 1987 838 2052 vocobulum
867 1988 980 2069 aliud,
1004 1989 1034 2052 id
1059 2013 1132 2055 non
1156 1991 1197 2056 de

142 2077 255 2164 regula
271 2076 318 2140 fit.
361 2077 481 2143 Liuius
494 2076 653 2160 proximo
669 2074 745 2138 loco
769 2075 959 2161 composuit
976 2074 1058 2139 inde
1069 2089 1197 2162 pastea

144 2175 176 2225 ct
192 2161 274 2227 inde
289 2162 467 2252 deinceps,
493 2163 611 2228 Cicero
629 2160 788 2250 deinceps
804 2159 898 2226 inde.
944 2161 1060 2226 Graeci
1082 2158 1197 2230 dieunt

143 2251 333 2331 ἔπειταὲξῆς.
394 2288 396 2299 =
766 2266 769 2271 ·

244 2369 302 2422 cto.
319 2368 352 2420 tle
366 2368 437 2436 Leg,
450 2366 482 2432 3,
497 2366 533 2432 2,
548 2365 575 2421 4.
591 2367 670 2436 idque
687 2367 716 2420 in
731 2370 880 2437 republica
900 2376 994 2422 nostra
1014 2370 1131 2431 monime
1146 2387 1197 2423 oa-

209 2458 275 2519 luit,
294 2454 425 2522 quond‚ei
439 2454 541 2521 regalis
559 2457 675 2519 potestas
695 2454 832 2520 praefuit:
856 2456 950 2507 deinde
971 2456 1051 2506 ctiam
1071 2457 1197 2527 deinceps

187 2541 319 2613 'posteris
344 2538 510 2589 tradebatur.
544 2535 577 2600 3,
601 2535 651 2602 19,
672 2535 714 2588 43.
743 2545 805 2589 mul
829 2540 923 2591 deinde
943 2541 1033 2607 posita
1061 2541 1196 2609 deinceps,

206 2643 275 2702 qnae
290 2625 415 2675 nolemus
438 2621 519 2672 ctiam
540 2621 569 2671 in
592 2621 705 2689 publicis
720 2622 858 2677 institutis.
893 2625 1010 2677 Rhetor.
1028 2625 1062 2675 ad
1086 2626 1192 2678 lieren.

53 2741 56 2748 ·
153 2708 157 2717 '
206 2711 238 2774 3,
255 2707 297 2760 18.
323 2706 417 2759 deinde
434 2706 520 2770 facilc
541 2706 592 2756 erit
615 2705 736 2774 deinceps
759 2708 857 2761 similes
879 2718 956 2761 notos
977 2711 1068 2776 quinto
1091 2728 1193 2779 quoque

207 2797 264 2846 loco
279 2786 415 2845 collocare.
432 2788 481 2841 ubi
495 2788 550 2841 vid.
575 2790 677 2842 Grues.
710 2791 773 2845 ute.
790 2793 823 2859 2,
839 2793 888 2858 tt,
902 2795 944 2846 11.
966 2797 1068 2860 sunere
1094 2796 1192 2847 deinde

205 2880 260 2931 duo
274 2879 396 2944 deinceps
418 2875 536 2942 collegae
547 2876 696 2945 fratrisque
713 2878 795 2930 ducit.
820 2877 868 2931 ubi
888 2879 1029 2932 Dccksub.
1063 2881 1106 2932 De
1127 2872 1193 2933 loca

206 2963 241 3015 de
255 2962 318 3014 niv.
335 2961 365 3025 1,
381 2958 424 3013 31).
446 2957 508 3010 etto
524 2976 551 3009 n.
566 2959 609 3012 1⁰.

238 3065 301 3119 loti.
318 3034 478 3126 45‚1t'‚⁸·e.
502 3062 630 3130 populum
651 3079 791 3116 romonum
814 3067 848 3117 ot
867 3083 898 3117 eo
917 3029 983 3119 dello
1000 3069 1098 3136 punico
1116 3071 1188 3136 forti

148 3142 153 3149 ’
199 3150 328 3218 fidelique
344 3165 425 3216 opera
441 3147 572 3210 adiutum,
588 3154 613 3197 st
629 3148 823 3215 illumjaoente
833 3153 932 3220 populo
947 3170 1057 3205 romono
1071 3173 1186 3225 regnum

205 3237 348 3303 adeptum.-
377 3233 510 3299 aequitate
538 3248 588 3284 sua
614 3242 709 3302 postea
735 3236 817 3287 trium
839 3252 935 3304 regum
961 3237 1037 3288 tellis
1059 3226 1187 3308 ‘deinceps

204 3320 323 3374 omnibus
333 3319 458 3383 sunctum
474 3318 579 3383 officiis.

146 3415 149 3420 ’
247 3419 306 3477 cic.
326 3421 406 3474 Brut.
424 3406 475 3484 911,
490 3418 550 3472 312.
575 3413 696 3491 deinceps
716 3422 780 3474 inde
795 3423 910 3489 multas,
929 3441 996 3492 quas
1019 3442 1074 3476 non
1096 3425 1185 3477 mines

201 3506 344 3577 diligenter
358 3506 512 3558 elaboratas
524 3533 559 3543 —-
577 3508 760 3573 offerebamus.
783 3506 845 3559 Liv.
864 3507 898 3572 1,
912 3506 962 3573 44,
979 3508 1005 3560 3.
1024 3510 1102 3560 addit
1117 3511 1184 3561 duos

199 3592 285 3655 colles,
297 3590 472 3661 Quirinalem,
492 3590 665 3643 Viminalem:
683 3593 746 3644 inde
760 3593 881 3660 deinceps
898 3601 981 3661 aergct
991 3595 1136 3662 Esquilias.
1156 3592 1182 3660 5,

197 3674 249 3739 tt,
264 3673 289 3728 n.
316 3675 363 3729 sed
386 3676 556 3743 antecedente
571 3678 653 3742 foma
674 3677 823 3744 nuntiisque
848 3677 1032 3742 Clusinorum,
1062 3678 1184 3748 deinceps

198 3759 261 3812 inda
285 3758 397 3814 ottonum
417 3762 594 3828 populorum,
626 3761 770 3831 plurimum
791 3763 901 3813 terroris
924 3763 1037 3814 Romam
1061 3764 1182 3826 celeritas

196 3845 311 3899 nostium
324 3847 394 3901 tulit.
412 3844 462 3900 alii
479 3845 555 3895 codd.
571 3846 694 3917 deinceps
707 3847 811 3899 deinde.
844 3848 894 3900 Est
909 3848 958 3900 alii
973 3855 1034 3916 post
1051 3849 1131 3902 ulios.

200 3985 243 4051 .8.
264 3981 439 4072 Eulsuemt
453 3984 568 4075 opinio
587 4003 715 4059 eorum,
735 3984 794 4070 qui
808 3985 1052 4072 existimabant,
1075 3986 1179 4055 dein·-

126 4090 208 4156 ceps
221 4067 418 4157 simpliciter
430 4072 512 4162 poni
526 4089 590 4163 pro
605 4068 740 4173 itqqqqn.
