2618 4770
592 296 706 362 ovat.
887 246 1025 393 ,ξ’
1168 312 1191 341 u

194 464 258 519 dunt
274 458 395 529 primum
408 452 582 524 respondisse
597 452 759 522 germanico
775 452 866 519 dana,
885 450 976 505 veluti
993 452 1070 505 arms
1081 450 1132 507 tao
1146 452 1192 521 fit,

195 554 348 603 monstrans
370 542 495 595 futurum
512 544 619 606 tempus
639 543 713 590 esset
734 554 821 606 usqne
842 539 877 592 ed
898 537 968 590 illud
985 543 1099 607 tempus
1119 538 1192 595 latu,-

196 620 274 694 rnm',
292 627 341 680 ubi
355 622 415 679 lanc¹
427 623 551 677 accidet:
573 622 672 675 deinde
693 624 865 677 uenientum
880 639 956 688 esee,
979 627 1011 674 ut
1025 624 1092 675 dum
1108 621 1190 691 etiam

197 714 370 785 significaret
385 727 436 780 per
449 726 530 761 omne
543 710 598 761 hoc
615 716 738 775 tempus,
767 709 840 778 qnod
864 724 937 760 nnnc
955 706 1098 776 cogitetur
1109 716 1187 779 prett-

198 818 270 856 aens.
312 798 392 850 Haec
413 812 466 848 nec
487 794 632 847 commode
653 792 773 863 cogitari
796 796 925 863 puerunt,
958 809 1013 845 nec
1041 797 1110 863 epte
1129 798 1185 846 aaut

198 892 314 940 aetnae
330 880 493 951 particulae.
1114 896 1120 905 ·

215 1029 248 1089 2.
280 1019 346 1101 Seel
368 1019 404 1083 in
425 1040 466 1101 re
491 1019 668 1113 praeterita
695 1015 861 1085 ‘narranda
886 1025 920 1081 et
943 1014 984 1081 de
1007 1033 1045 1078 re
1065 1009 1175 1093 futura,

130 1108 189 1176 nbi
205 1130 276 1174 non
291 1116 382 1172 totus
397 1126 511 1169 rerum
530 1126 663 1186 cursus,
686 1104 744 1169 sed
762 1104 871 1191 aliqua
885 1104 955 1167 eius
971 1121 1049 1188 para
1063 1090 1167 1161 antella
1187 1158 1196 1185 Ι

132 1199 239 1285 gitur,
276 1191 316 1257 ab
346 1192 476 1279 optimo
503 1212 636 1277 quoqne
667 1192 829 1278 scriptore
856 1188 997 1277 ponitur
1022 1205 1171 1277 praeseus.

134 1280 237 1362 Quod
258 1300 363 1364 quum
376 1272 548 1341 Ernestius
572 1300 641 1341 non
661 1277 826 1362 ‘potuisset
844 1292 892 1339 'ex
919 1272 1027 1353 edire,
1057 1279 1090 1335 et
1111 1290 1170 1333 eum

132 1390 173 1431 eo
190 1362 337 1429 Wolfius
352 1361 393 1426 ad
410 1363 604 1446 posterioris
621 1364 689 1426 acri
704 1384 801 1427 usum
817 1298 1000 1439 retudsset,
1019 1355 1170 1421 Heindor-

73 1510 77 1515 .
132 1452 195 1517 fius
211 1449 253 1515 ad
263 1451 381 1514 Horat.
398 1446 465 1512 Sat.
485 1455 515 1527 1,
530 1449 561 1526 5,
580 1452 633 1513 72.
655 1458 689 1511 et
704 1458 785 1536 post
797 1468 875 1513 eum
893 1444 990 1510 multi
1014 1442 1068 1508 alii
1087 1438 1169 1505 exsti·

123 1546 265 1615 ·terunt,
280 1535 338 1621 qui
354 1534 528 1613 docerent,
540 1532 624 1596 alum
639 1534 683 1597 ita
698 1554 764 1621 pro
780 1554 882 1621 qrrum
921 1531 1045 1595 ositum
1057 1546 1169 1613 semper

133 1621 281 1688 construi
300 1639 375 1683 cum
398 1617 584 1706 praesenti,
626 1619 726 1705 idque
746 1619 875 1684 restitui
890 1554 1009 1681 debere
1025 1615 1060 1679 in
1078 1610 1169 1677 omni·

133 1709 195 1775 bus
214 1705 298 1772 locis
317 1702 394 1766 huic
411 1704 549 1791 regulae
566 1707 750 1785 contrariis.
792 1702 991 1769 Prudentius
1006 1722 1086 1767 vero
1102 1697 1168 1763 hano

132 1816 207 1861 rem
229 1789 380 1855 tractavit
404 1788 612 1854 Heinrichins
632 1790 672 1854 ad
699 1792 768 1857 Cic.
795 1813 830 1889 p.
853 1791 978 1855 Scauro
1004 1811 1039 1873 p.
1062 1788 1113 1851 76.
1137 1780 1167 1846 cl.

133 1876 280 1953 walchii
296 1870 470 1939 Emendat.
487 1900 520 1964 p.
535 1878 607 1942 185.
623 1886 655 1941 et
671 1877 711 1941 ad
728 1878 834 1942 Tacit.
850 1875 961 1961 Agris.
977 1872 1054 1941 401.
1087 1871 1168 1935 Prae-

133 1984 209 2029 sens
233 1961 322 2027 anim
346 1970 403 2025 aut
427 1959 627 2027 historicum
652 1973 721 2043 est,
766 1973 823 2027 aut
852 1962 1033 2049 imaginem
1063 1957 1112 2021 rei
1135 1955 1167 2019 ita

32 2087 34 2091 ·
134 2046 331 2127 adumbrat,
353 2056 409 2128 ut,
424 2068 517 2134 .quae
540 2048 716 2114 coniuncta
738 2047 839 2113 fuisse
865 2056 978 2112 mente
995 2044 1166 2132 cogitemus,

135 2144 231 2223 ιιιζιιΜ
228 2131 345 2215 patulos
346 2134 941 2283 ,JEEQBiQfiQRW⁰l9ist..lt.12tttssssil³⁶
983 2131 1090 2219 lgitur
1103 2143 1167 2215 quet

134 2214 201 2285 h‘ac
223 2206 339 2283 niodow
375 2220 526 2295 icuntur,
549 2206 730 2307 imaginem
756 2219 968 2285 exhibentia
993 2240 1029 2283 se
1053 2212 1168 2280 conclu·

136 2326 223 2382 sem,
243 2315 340 2392 atque
361 2306 523 2371 eiusmodi
537 2309 717 2374 enuntiatio
731 2306 837 2371 instar
858 2316 905 2369 est
921 2300 1020 2367 unius
1035 2299 1168 2367 substan·

135 2392 310 2489 ¹tipiL-,qup
330 2401 399 2481 tem
416 2413 465 2475 „us
485 2392 671 2473 ,indlsstltw
700 2390 929 2478 sii'tili'apu'd‘''
966 2411 1068 2454 mrum
1088 2403 1170 2465 vert

136 2466 219 2541 ditm
234 2499 270 2540 m
288 2468 377 2541 Asia
400 2414 524 2541 delium
544 2480 683 2564 geritur
705 2476 898 2564 exprimunt
921 2487 1075 2561 tempore
1096 2466 1170 2536 betti.

134 2565 242 2648 Atque
263 2560 306 2624 ob
325 2561 411 2625 hanc
438 2585 585 2627 caussam
609 2575 697 2628 recte
719 2564 839 2627 dicitur
863 2563 962 2627 adeo:
1000 2560 1085 2623 dum
1103 2559 1171 2623 liaeo

133 2659 320 2735 geruntur,
343 2644 401 2712 itte
413 2661 642 2734 pervenerat.-
665 2659 697 2713 et
713 2671 815 2735 quum
836 2650 968 2713 Curtius
984 2656 1099 2710 narret
1114 2644 1171 2723 6,l‚

135 2738 189 2799 28.
210 2726 431 2796 manantibus
450 2735 605 2798 lacrimis
624 2734 827 2822 querebatur
847 2745 895 2799 est
920 2732 1009 2820 quod
1028 2730 1172 2797 dicimur:

136 2818 218 2883 dum
232 2829 368 2883 manant
381 2818 546 2885 lacrimae.
588 2821 674 2885 Nam
695 2822 784 2907 quod
801 2821 855 2885 alii
877 2820 1112 2897 observarunt,
1134 2812 1173 2881 ri-

135 2905 210 2970 vida
235 2907 384 2970 oratione
411 2907 587 2993 praeterita
618 2907 793 2972 transferri
821 2909 855 2972 in
879 2906 1121 2993 praesentiam,
1148 2895 1173 2963 id

127 2992 206 3054 'non
230 2991 353 3055 sufficit
377 2993 416 3057 ad
443 2993 670 3081 explicandam
694 3002 803 3058 totam
822 3003 1042 3068 structuram,
1066 2991 1100 3053 in
1123 3004 1176 3074 qua

133 3076 331 3163 primarium
346 3078 481 3143 verbum
498 3079 569 3144 fere
579 3100 712 3167 semper
726 3079 905 3166 praeterito
917 3088 1074 3163 tempore
1089 3071 1178 3162 poni·

133 3171 201 3225 tur.
227 3162 292 3226 Sed
308 3186 384 3228 cum
400 3188 436 3229 re
454 3167 630 3250 praeterita
643 3177 675 3231 et
692 3165 803 3230 futura
818 3161 1179 3228 cohaereredeclaratur

135 3247 283 3312 conditio
307 3252 522 3335 temporalis,
556 3274 639 3338 quae
664 3253 700 3316 in
729 3252 796 3316 hoc
821 3251 980 3337 proximo
1007 3269 1099 3312 nexu
1121 3264 1180 3310 non

133 3331 200 3430 nisi
220 3337 387 3431 praesenti
415 3337 592 3425 significari
616 3348 739 3424 potest.
790 3336 911 3422 ldque,
935 3344 972 3399 ut
990 3331 1077 3398 bene
1094 3330 1181 3396 intel·

133 3417 215 3516 leant
235 3420 461 3505 Heinrichius,
504 3430 558 3505 τῆς
580 3424 738 3507 ῥητορικῆς
761 3425 913 3506 ἐναργείας
936 3420 986 3485 vcl
1010 3420 1183 3499 φαντασίας,

132 3504 275 3603 rdepquc
295 3508 477 3573 oratorium
495 3511 597 3575 videri
615 3520 742 3596 potest:
775 3527 977 3594 quamquam
997 3507 1099 3570 etium
1117 3502 1183 3568 vul·

132 3612 218 3739 parts
234 3615 345 3657 sermo
363 3593 424 3658 hac
439 3596 664 3684 designatione
682 3595 873 3659 delectatur.
918 3594 955 3657 ln
970 3591 1184 3656 historiarum

160 3672 245 3775 bris,
271 3701 352 3763 quos
381 3692 503 3745 veteres
526 3692 596 3745 arte
621 3703 826 3767 componere
849 3680 1019 3755 solebant,
1041 3676 1185 3776 plurima

132 3780 168 3824 se
186 3761 284 3826 ollert
299 3767 606 3852 repraesentationis
628 3768 720 3831 istius
748 3767 885 3830 occasio.
931 3767 1068 3830 Graecis
1095 3784 1186 3826 com-

131 3847 267 3944 modior
291 3872 368 3915 usus
399 3853 653 3941 participiorum
674 3850 881 3939 suppetebat.
925 3850 991 3917 Sed
1013 3860 1135 3937 poetae
1157 3854 1187 3911 et

131 3929 280 4030 historici
302 3946 380 4024 post
400 3938 532 4003 Livium
556 3932 637 4002 adeo
663 3939 698 4003 in
719 3940 854 4025 obliqua
880 3938 1033 4003 oratione
1057 3936 1185 3999 indica-

131 4027 237 4087 tivum
255 4024 436 4108 praesentis
450 4022 642 4104 servabant,
664 4046 734 4090 non
751 4027 830 4091 item
841 4026 957 4091 Cicero
974 4033 1008 4087 et
1023 4020 1188 4108 aequales,

132 4124 216 4189 quoa
231 4108 443 4187 coniunctim
452 4130 529 4177 usus
542 4132 613 4181 esse
627 4112 779 4205 exempla
795 4116 911 4201 pete.
920 4108 1018 4177 allata
1033 4106 1167 4173 docent.
