2618 4770
700 178 710 207 Ι

558 306 561 313 ’
582 322 690 388 nvn.
1087 320 1152 401 trs

167 478 212 531 illa
229 476 353 545 pauens,
384 476 447 529 dum
468 482 495 529 te
510 479 624 547 sugeret
644 495 694 547 per
713 479 831 548 flumina
849 496 992 554 praeceps,
1009 486 1151 545 immanem

165 560 316 630 antepedes
329 561 444 628 bpdrum
456 554 492 601 -ἓ-
506 579 560 615 non
569 563 638 615 uidit
649 564 780 618 imberba.
814 564 937 620 Murtial.
952 568 1069 636 1,2z,1.
1088 576 1150 628 dum

163 652 261 716 μὴνετ
275 650 368 715 rogem
383 646 493 715 decepta
514 640 629 700 sutellile
650 649 760 714 dentre,
787 649 877 703 iniecit
891 654 975 705 sacris
990 673 1017 708 se
1026 658 1152 725 peritura

160 732 234 799 sous.
260 730 333 783 euni.
350 731 442 797 Spoet.
459 730 503 797 20,
520 731 546 784 1.
583 733 726 787 claudian.
753 733 912 803 Gigantum.
930 738 989 792 1⁰2.
1009 743 1045 794 acl
1062 743 1151 811 depel-

162 817 257 869 lendus
273 816 392 868 iaculum
416 816 479 868 dum
501 825 638 884 quaeruet
660 819 762 884 lostes,
786 824 911 888 germani
935 824 1056 893 rigidum
1078 829 1151 880 misit

161 918 208 971 pro
231 919 299 970 rupe
321 900 445 953 cadaver.
480 900 623 956 Phaedrus
641 901 667 955 4.
686 901 742 971 (5.)
763 903 892 971 prol.15.
920 906 989 959 bunc
1004 911 1151 965 obtrectare

163 988 187 1039 si
200 989 271 1040 volet
284 986 460 1055 malignitas,
479 985 582 1038 imitari
595 988 658 1039 dum
672 1005 726 1039 non
736 991 834 1057 possit,
854 991 979 1045 obtrectet
996 994 1150 1064 tuscala,

151 1070 204 1127 R.
240 1087 409 1143 quamquam
424 1075 541 1141 utroque
557 1073 619 1127 loeo
635 1079 814 1128 correxerunt
831 1091 919 1144 quum.

195 1224 297 1281 Critici
321 1225 449 1296 quidam,
486 1224 571 1280 etiam
596 1226 746 1282 doctissimi
771 1227 800 1281 in
820 1228 876 1281 hac
900 1228 1068 1283 coniunctiri
1102 1249 1151 1285 ex-

155 1311 312 1383 ·plioulione
333 1311 376 1366 ita
395 1313 500 1365 versati
521 1317 600 1378 sunt,
625 1319 656 1366 ut
678 1331 712 1365 ex
728 1312 884 1382 praeceptis
900 1313 936 1365 iis
952 1315 1152 1383 grammaticis,

165 1397 263 1465 quibus
279 1397 448 1452 coniunctivi
463 1397 506 1451 vis
520 1396 679 1468 potentialis
695 1399 868 1467 declaratur,
896 1398 1050 1468 specierum
1068 1416 1153 1469 argu-

163 1488 285 1535 mentum
308 1489 452 1551 repetere,
483 1498 566 1552 quam
595 1482 705 1537 diversa
734 1483 843 1537 dicendi
871 1501 975 1553 genera
1000 1478 1152 1557 agnosoere

163 1566 285 1622 mallent.
318 1568 362 1621 Ita
376 1568 506 1622 Bremius
520 1570 556 1622 ad
568 1569 678 1624 Goruel.
697 1568 771 1622 Tim.
787 1568 813 1634 l,
828 1568 854 1622 4.
873 1587 937 1621 nam
954 1570 1017 1623 dum
1034 1586 1077 1623 res
1089 1586 1152 1623 oon-

161 1650 301 1717 ficeretur,
316 1655 410 1719 procul
428 1655 610 1724 insspruesidio
625 1656 701 1720 fuit,
722 1658 758 1706 'ne
782 1654 841 1722 quis
864 1654 970 1706 satelles
988 1660 1077 1722 posset
1091 1670 1152 1707 suo-

164 1753 274 1790 ourrere.
308 1738 365 1790 llic
379 1737 427 1791 isse
441 1744 520 1807 putat
536 1739 645 1791 narrari
659 1754 721 1790 rem
734 1755 788 1791 nan
797 1754 865 1791 vere
879 1739 1002 1806 tactum,
1020 1739 1068 1792 sed
1080 1756 1151 1808 quse

166 1836 198 1872 cx
208 1821 346 1875 sententia
361 1823 542 1875 Timoleontis
557 1824 619 1875 lieri
634 1823 768 1890 potuisset
781 1830 829 1879 sul
845 1824 1001 1877 debuisset:
1022 1825 1152 1876 scribraret

166 1905 224 1973 defi
240 1907 285 1959 die
300 1908 387 1959 Sacbe
408 1909 550 1979 oollsogen
565 1910 670 1961 werden
687 1911 771 1963 sollte.
806 1909 876 1977 Quis
891 1926 958 1961 vero
975 1908 1015 1961 itu
1030 1909 1152 1977 loquitur

168 1988 199 2041 de
212 2008 265 2057 eo,
285 1991 348 2060 qui,
368 1991 433 2043 dum
451 1992 545 2061 aliqua
559 2011 604 2045 res
621 1993 780 2061 coniicitur,
807 1993 958 2048 custodiam
972 1994 1061 2063 ugat'l
1089 1994 1154 2048 Alia

165 2080 203 2129 nt
217 2076 291 2130 ratio
309 2077 381 2129 Mill.
400 2075 426 2142 3,
439 2077 465 2129 1.
485 2079 540 2130 eius
552 2079 653 2150 pontis,
669 2080 732 2131 dum
750 2080 806 2147 ipse
825 2081 933 2144 abesset,
954 2081 1073 2135 custodes
1090 2081 1153 2133 reli-

167 2161 228 2229 puit.
245 2161 276 2214 in
292 2161 390 2229 quibus
412 2161 545 2215 terminus
568 2167 597 2216 et
620 2160 682 2214 finis
703 2162 822 2229 ponitur.
857 2163 922 2215 Alia
939 2163 1023 2215 etiam
1037 2163 1066 2215 iu
1079 2165 1153 2218 Bell.
1194 2230 1198 2235 .

167 2244 273 2316 hispan.
296 2244 339 2299 16.
358 2253 404 2311 ut,
433 2247 496 2298 dum
517 2247 604 2298 nostri
620 2247 649 2297 in
668 2247 774 2312 praeda
797 2248 993 2313 detinerentur,
1015 2248 1058 2299 illi
1074 2277 1109 2287 —
1126 2266 1155 2302 se

167 2331 320 2400 reciperent.
356 2330 450 2398 Quare
464 2330 513 2383 aut
527 2330 584 2396 ille,
603 2329 651 2398 qui
661 2329 739 2383 Vitas
755 2330 873 2397 scripsit,
890 2332 1074 2383 recentiorem
1089 2348 1156 2384 con-

168 2415 337 2471 suetudinem
352 2415 484 2481 adscivit,
509 2421 555 2468 ant
577 2416 649 2469 falsa
673 2420 715 2467 est
736 2415 879 2482 scriptura.
918 2415 1078 2468 Guntherus
1094 2432 1155 2468 cor-

167 2500 237 2553 rexit
253 2519 349 2570 quum.-
376 2501 504 2569 equidem
526 2500 596 2552 illud
617 2501 804 2568 probaverim.
839 2486 984 2568 Nant'qui
1001 2518 1063 2553 curu
1076 2502 1156 2554 Heu-

169 2585 278 2656 singero
295 2584 460 2649 existiment,
477 2587 540 2638 dnm
554 2585 712 2654 significare
726 2604 806 2655 usque
821 2587 1014 2652 dum,·donec,
1035 2588 1092 2652 bis,
1105 2604 1155 2639 ne-

169 2687 243 2723 ossso
261 2670 331 2736 erit,
349 2668 602 2738 imperfectumpro
614 2672 881 2740 plusquamperfecto
897 2671 1042 2739 accipraua
1076 2672 1154 2725 Idem

140 2800 144 2805 .
169 2754 314 2811 dicendum
329 2760 370 2808 est
392 2755 426 2806 de
446 2755 569 2809 Frontin.
604 2756 689 2809 Strst.
705 2757 731 2823 1,
747 2756 774 2822 b,
789 2756 816 2810 2.
844 2759 955 2823 dumque
970 2756 1078 2824 ignibus
1091 2759 1155 2808 sub-

120 2870 123 2875 ·
168 2849 335 2903 merentur
352 2842 455 2906 bostar,
481 2841 537 2910 ipse
555 2842 671 2909 fluuium
694 2841 840 2912 superavit.
880 2840 1065 2893 correxerunt
1090 2843 1156 2895 sub-

169 2934 314 2980 amonem.

201 3066 459 3123 darentiacum.
482 3065 567 3120 illust.
587 3064 637 3132 35,
658 3064 701 3120 lu.
727 3072 785 3119 tum
799 3065 829 3118 in
846 3063 988 3118 Graeciam
1008 3078 1154 3135 regressus,

170 3151 232 3204 dum
252 3154 342 3223 Argos
358 3161 542 3223 oppugnaret,
573 3153 628 3205 ictu
649 3154 918 3223 tegulaeprostrotns
940 3156 987 3202 est.
1028 3147 1157 3201 Editores

167 3234 295 3305 lecerunt
316 3245 471 3307 oppugnat.-
499 3237 663 3291 Arntzenius
684 3254 772 3306 quum.
808 3236 864 3287 Sed
886 3235 979 3288 Schol.
1003 3232 1039 3287 nd
1063 3232 1157 3287 Ovidii

168 3316 231 3373 Ibin
246 3318 307 3373 803.
326 3322 446 3390 Pyrrhus
459 3351 494 3362 ·-
510 3323 574 3374 dum
593 3323 684 3392 Argos
701 3326 886 3392 oppugnaret,
912 3320 1007 3397 tegula
1019 3334 1158 3387 percussus

137 3390 170 3503 ,ἑ
219 3405 259 3457 iit.
300 3406 343 3457 lle
366 3404 568 3472 Gaes.39,11.
597 3414 628 3459 at
650 3408 765 3459 Curinus
787 3433 823 3444 -
848 3407 909 3459 ilico
932 3404 1062 3473 Margum
1081 3405 1157 3458 iusta

118 3490 169 3571 ,ᾖ
198 3488 336 3543 'oletiaao
350 3508 520 3563 congressus,
546 3493 610 3544 dum
630 3490 711 3545 uictos
728 3492 807 3545 auide
819 3498 966 3569 premeret,
984 3504 1089 3540 suormn
1104 3489 1158 3540 ictu

158 3572 281 3653 ¹interiit.
316 3574 436 3644 Epitom.
459 3575 485 3641 6,
503 3574 529 3630 4.
546 3575 590 3642 41,
606 3575 632 3630 2.
666 3574 912 3645 Hygin.Fnb.12.
933 3575 1051 3642 isquam
1064 3590 1157 3624 annua

151 3662 274 3731 ,lauerat
287 3660 410 3731 Neptuno
430 3663 511 3715 loson
532 3689 567 3702 ·-
590 3662 702 3732 cupidus
720 3679 798 3713 sacra
811 3658 950 3726 faciendi,
977 3658 1039 3708 dnm
1055 3658 1158 3723 flumen

149 3732 321 3821 ’.ᾨιᾝοπιιιπι
352 3749 494 3812 transiret,
527 3748 728 3800 calciamentum
753 3745 867 3815 reliquit.
912 3741 1038 3795 Scribon.
1072 3740 1158 3806 Larg.

169 3818 266 3883 Frsel.
292 3849 320 3900 p.
335 3830 360 3885 l.
381 3833 617 3886 animadvertimus
641 3834 731 3901 itaque
759 3846 838 3898 saepe
862 3830 933 3881 inter
957 3827 1159 3889 deliberationes

169 3917 396 3987 ualentioraque
411 3918 569 3971 medicorum
581 3919 740 3971 auctoritate
751 3913 985 3986 praecellentium,
1006 3910 1069 3962 dnm
1077 3925 1159 3977 puae-

171 4007 291 4068 reretur,
314 4003 443 4072 quidnam
455 4001 612 4067 faciendum
627 4009 677 4055 aut
692 4000 866 4070 puu‘rutione
879 3995 1084 4051 succurrendum
1093 4000 1160 4047 esset

138 4144 141 4149 ,
171 4102 257 4157 aegro
272 4093 320 4141 etc.
355 4086 417 4139 uid.
438 4085 587 4153 Wopkens.
603 4084 633 4151 in
649 4084 764 4139 Obsor'r.
786 4082 867 4137 Misc.
892 4098 955 4137 nor.
974 4079 1010 4131 Τ.
1026 4077 1052 4130 2.
1073 4094 1100 4143 p.
1114 4072 1159 4130 di.

140 4158 261 4227 “sibl
299 4170 404 4227 Verum
427 4169 513 4227 etiam
533 4169 565 4225 iu
590 4166 789 4257 pertusata,
802 4166 913 4225 uram
939 4181 999 4223 sose
1026 4158 1161 4239 quaestio.
