2618 4770
514 118 650 185 unco.
707 72 713 111 ⁸
1050 124 1115 195 ccc

56 277 132 343 sou
155 287 284 355 taem,
299 274 429 363 inquit,
446 274 618 362 Epicurus
635 275 791 364 ignorat.
824 278 867 340 At
882 280 1059 364 quomodo
1077 282 1115 347 in

10 370 14 433 i
60 354 111 428 bis
142 362 450 442 ivellanturverbe,
468 384 550 450 quae
567 363 689 448 ubique
705 361 900 439 cohaerent,
918 386 985 428 non
1002 378 1116 453 potest
1201 372 1204 377 ’

10 456 16 527 ξι
65 445 215 535 intelligi,
245 470 307 512 nec
334 468 394 510 cur
416 449 449 510 id
480 471 551 512 non
576 445 633 511 fiat
658 448 694 510 in
718 450 998 535 interrogatione,
1032 475 1115 540 quae

10 550 15 589 t
103 536 234 599 rticulas
252 557 313 613 ne,
345 556 393 595 aa
416 533 553 614 babeat,
594 535 628 598 in
652 534 714 597 alia
738 534 998 619 interrogatione
1024 551 1114 605 recte

66 555 125 686 iit.
169 621 212 685 Et
238 619 318 706 quid
344 641 533 683 censeamus
560 619 600 682 de
616 619 721 683 Plauti
745 619 851 684 verbis
875 644 975 708 supra
991 623 1114 690 allatis:

65 705 140 795 quid
157 705 221 770 tibi
236 728 319 791 ergo
340 727 454 768 meam
477 729 530 770 me
556 705 662 769 inuito
685 706 793 769 tactio
817 705 892 772 est?
917 710 1056 795 etquid
1078 723 1117 774 tu
1149 730 1153 743 ’

63 802 143 882 ergo
168 792 290 855 imaue
312 788 475 877 rogitas?
512 791 574 854 Sed
600 791 673 877 ipsa
695 791 874 857 verborum
897 803 1060 860 structura
1083 807 1118 860 ct

61 877 262 946 vocabulum
296 876 408 963 iuquit
446 887 654 958 monstrant,
705 877 817 940 omniu
853 880 1017 944 contineri
1050 903 1118 948 una

59 960 304 1043 enuntiatione,
320 975 352 1025 et
367 963 467 1027 scribi
484 962 617 1026 debere:
639 962 722 1049 quid
736 985 818 1049 ergo
836 963 941 1026 istam
957 966 1119 1053 volupta-

58 1062 148 1129 tem,
172 1049 302 1136 inquit,
319 1046 492 1133 Epicurus
507 1044 675 1134 ignorat?
696 1048 748 1112 Sic
766 1049 864 1112 etiam
874 1051 971 1112 Acad.
986 1057 1054 1131 1‚4‚
1065 1060 1117 1119 18.

101 1133 142 1200 iit
159 1157 253 1222 ergo,
277 1134 429 1220 iuquam,
451 1135 621 1198 Autioclio
637 1131 677 1196 id
690 1134 808 1220 magis
825 1134 978 1218 licuerit,
1000 1151 1117 1205 nostro

53 1159 254 1312 ldmila'ari,
271 1219 466 1306 remigrare
482 1220 519 1284 iu
533 1219 673 1282 domum
693 1231 835 1284 ueterem
853 1244 870 1284 e
887 1244 994 1299 nora,
1013 1247 1119 1310 quam

59 1305 158 1373 uobis
183 1307 221 1370 iu
249 1327 379 1370 novam
410 1301 584 1370 coetero?
612 1307 634 1369 i.
660 1327 686 1368 e.
718 1302 898 1390 inwiefcru
919 1308 1018 1372 sollte
1042 1311 1119 1376 also
1200 1306 1204 1312 ’

62 1391 216 1461 wirlrlicli
239 1390 317 1455 dem
342 1391 530 1455 Antiochus
556 1391 651 1454 melir
669 1385 746 1476 frei
763 1392 908 1457 stelaeu?
953 1393 1018 1457 Sed
1044 1397 1055 1459 i
1081 1418 1118 1464 se

65 1479 270 1545 Goerenzius
296 1497 408 1540 veram
433 1477 599 1541 rationem
624 1476 794 1562 perspexit
824 1479 859 1540 in
881 1477 959 1543 loco
985 1479 1025 1543 de
1045 1418 1119 1545 din.

59 1565 155 1646 5,29,
166 1567 219 1628 89.
240 1563 285 1625 ita
303 1561 509 1639 constitutor
523 1560 607 1649 quiet
621 1585 704 1648 ergo
717 1562 821 1625 aliter
835 1563 998 1640 homiues,
1016 1567 1121 1632 aliter

55 1649 282 1738 philosophos
305 1647 398 1734 loqui
416 1660 516 1734 putes
540 1658 714 1733 oportere,
741 1649 863 1734 qutunti
885 1650 1030 1738 quidque
1053 1650 1124 1717 sit?

60 1735 164 1816 Quod
188 1734 305 1797 mirari
327 1755 397 1796 non
422 1735 529 1797 decuit
555 1732 727 1797 Orellium.
770 1733 823 1797 Sic
856 1737 954 1799 etiam
988 1739 1119 1802 Graeci.
1169 1792 1171 1796 ,
1261 1778 1263 1785 ‹

59 1822 154 1887 Plato
173 1821 330 1908 Sympos.
358 1841 393 1906 p.
418 1825 493 1885 202.
516 1819 559 1883 D.
589 1822 617 1882 τί
639 1812 696 1883 οὖν
718 1815 775 1899 dr,
801 1821 896 1900 ἔφην,
919 1824 965 1904 εἴη
987 1820 1006 1886 ὅ
1017 1821 1121 1906 Ἔρως
1159 1849 1160 1853 ’

60 1906 196 1988 θνητός,
216 1900 343 1968 uuiaet
369 1928 410 1987 ys.
438 1906 461 1968 i.
480 1927 507 1970 e.
539 1904 618 1990 quid
642 1926 720 1990 ergo
746 1914 841 1988 putes
866 1909 1026 1980 Amorem
1051 1933 1121 1973 esse
1162 1918 1166 1931 '

60 1989 264 2061 mortalem?
299 1991 450 2055 Minime.
488 1990 698 2075 Quamquam
717 1990 811 2053 aliter
825 1991 924 2077 vulgo
940 1995 1122 2080 interpun-

62 2079 162 2165 gitur.
215 2077 285 2140 Cic.
310 2076 412 2140 Tusc.
436 2081 468 2159 3,
491 2080 544 2155 20,
566 2077 619 2138 46.
653 2072 736 2172 guid
761 2097 845 2161 ergo
870 2088 906 2160 tu
929 2078 1122 2164 Epicurum

63 2163 242 2231 existimas
260 2162 331 2225 ista
349 2160 511 2236 coluisse,
534 2171 595 2225 aut
610 2158 814 2224 libidinosas
835 2160 906 2224 eius
914 2159 1029 2249 fuisse
1043 2189 1122 2228 seu·
1223 2186 1225 2191 ’

63 2248 218 2315 tentius?
246 2246 327 2334 Ego
344 2269 422 2323 uero
436 2246 589 2310 minime.
632 2270 666 2332 p.
682 2245 793 2310 Rabir.
807 2247 921 2310 Postb.
936 2254 967 2322 3,
987 2254 1018 2312 6.
1041 2273 1121 2314 eor-

62 2347 220 2422 ruptores
240 2334 351 2397 nostri
366 2355 527 2397 caussam
543 2331 679 2416 dicunt,
703 2353 780 2408 uos,
809 2333 867 2418 qui
883 2357 981 2397 corru
1009 2335 1038 2398 u·
1059 2357 1121 2398 su-

63 2443 159 2501 mus,
179 2443 249 2483 uon
266 2419 423 2482 dicimus.
472 2417 567 2501 Quid
581 2440 663 2504 ergo
682 2429 842 2507 senatum
855 2357 1042 2508 defenrllim
1057 2423 1123 2486 hoc

64 2507 160 2582 lucc,
183 2503 335 2568 iudices?
367 2504 472 2568 Omni
494 2503 648 2591 equidem
670 2502 744 2566 loco
768 2502 890 2568 debeo:
921 2506 975 2568 ita
1002 2507 1123 2572 deme

10 2656 13 2663 ,
59 2604 116 2658 est
138 2591 279 2654 meritus
306 2589 363 2653 ille
388 2590 484 2654 ordo.
545 2589 581 2653 Si
604 2590 872 2674 interpunxeris:
911 2591 993 2678 quid
1014 2591 1127 2679 ergo?

67 2677 266 2743 sententiam
287 2675 459 2740 exhibebis
486 2676 588 2738 hanc:
648 2675 703 2737 uid
723 2696 802 2759 ergo
825 2674 1038 2744 faciendum?
1068 2701 1124 2742 se-

65 2774 227 2828 natumne
250 2759 425 2824 defendam
449 2760 513 2824 hoc
537 2698 646 2825 locoll
676 2759 733 2822 sin
754 2782 833 2823 vcro
857 2762 919 2840 ita,
952 2773 988 2824 ut
1006 2762 1124 2850 scripsi

64 2848 191 2928 modo,
214 2847 269 2911 hic
285 2848 346 2910 erit
363 2869 495 2911 sensus:
520 2846 594 2910 Sall
608 2846 663 2909 icb
675 2844 743 2909 evol
756 2868 826 2910 nrm
842 2845 910 2910 deu
924 2848 1032 2912 Seuat
1047 2850 1124 2913 bier

66 2930 330 3019 uertlrez'digeu?
355 2933 391 2997 in
410 2933 503 2996 Verr.
518 2933 550 3011 4,
564 2936 616 3006 46,
637 2935 710 2995 102.
736 2930 820 3016 quid
835 2954 918 3019 ergo
935 2935 999 2997 lioc
1012 2935 1124 2999 solum

66 3020 248 3087 eruditione
266 3029 419 3105 expetere
435 3017 565 3103 coepit,
592 3039 693 3106 purim
717 3015 756 3079 iat
780 3017 852 3101 ipse
876 3018 1126 3086 concidisset?

67 3106 109 3171 nd
124 3107 193 3170 Att.
209 3105 322 3182 14,14.
350 3102 433 3192 quid
448 3126 532 3190 ergo
549 3103 618 3166 ista
635 3101 737 3187 culpa
751 3101 966 3169 Brutorum?
986 3130 1018 3192 p.
1029 3109 1124 3171 Caec.

70 3193 121 3266 14,
150 3196 203 3256 39.
240 3191 441 3253 Goerenzius
464 3190 565 3275 igitur
587 3208 656 3252 rem
682 3210 794 3251 veram
819 3188 1123 3274 bencsspbsgpyagit,

67 3298 141 3343 non
165 3287 279 3340 tamen
309 3277 386 3338 satis
419 3262 971 3363 expedivit.“'''''“Naiir“i“iiiiii-orma
993 3279 1124 3342 nullum

67 3363 184 3428 locum
199 3361 316 3442 habet,
338 3361 393 3424 ubi
411 3361 474 3424 ista
487 3360 587 3425 verba
604 3359 858 3446 interrogationi
872 3384 1019 3450 pereas,
1043 3386 1124 3454 quas

26 3472 29 3477 ·
67 3448 126 3513 ille
144 3447 239 3528 dixit,
255 3446 431 3532 particulas
449 3468 623 3534 expressae
638 3444 851 3531 praeludunt.
897 3448 1027 3532 Omissa
1038 3472 1125 3537 par:

68 3533 171 3599 ticula
197 3543 318 3615 coeunt
365 3543 448 3596 artes
468 3532 505 3595 in
528 3554 628 3596 unam
655 3553 741 3594 enun
759 3518 1147 3619 iationemffilll'amen

66 3556 911 3705 noff's'e‘tffpt‘ffdtaffirtertuprtu‘rrpot'ttiam
935 3620 981 3684 ibi
1007 3643 1126 3708 perse

66 3718 160 3772 stare
174 3713 332 3791 possunt,
355 3702 413 3767 ubi
428 3703 537 3788 pergit
554 3704 660 3766 oratio
678 3714 767 3766 recta
784 3698 1024 3781 declaratione,
1043 3728 1126 3791 quae

69 3792 141 3856 exit
158 3793 193 3855 in
216 3789 525 3873 interrogationem.
571 3788 623 3851 Sic
648 3789 715 3852 Cic.
733 3790 833 3853 Tuse.
852 3797 883 3870 2,
902 3793 953 3871 14,
968 3794 1020 3855 34.
1044 3791 1127 3876 quid

70 3874 185 3964 ergo?
210 3878 273 3940 ltoc
287 3874 388 3959 pueri
397 3884 560 3958 possunt,
585 3874 650 3936 uiri
664 3896 733 3937 nort
744 3874 933 3960 poterunt?
955 3877 987 3939 in
1007 3877 1126 3961 quibus

69 3973 205 4031 tantum
224 3961 325 4029 verba
351 3958 416 4026 riri
437 3981 507 4035 uon
526 3958 712 4046 poterunt?
730 3960 762 4027 in
783 3963 1043 4053 interrogatione
1059 3984 1126 4054 po·
