2618 4770
625 244 734 312 ΕΤ..

154 430 157 436 ·
208 404 255 458 red
268 417 351 472 prope
363 400 549 454 maximorum.
591 398 705 452 Sallust.
719 398 781 468 Ing.
797 396 842 464 32,
856 399 882 453 2.
903 400 1024 469 plurimu
1037 400 1197 472 &flagitio-

210 490 314 542 sissima
324 486 453 552 facinora
463 480 561 551 secere,
587 483 722 551 Quinctil.
737 484 780 549 10,
795 484 821 550 l,
835 482 878 538 111.

161 591 163 594 ⁴
242 587 341 641 Vellei.
358 587 384 653 2,
405 586 467 653 llll,
491 586 516 640 6.
543 587 634 641 omnia
656 594 682 641 et
703 588 733 638 tu
755 588 874 641 omnibus
896 590 961 644 loeis
989 591 1052 660 igni
1073 592 1192 661 serraque

208 681 327 730 costato.

242 779 279 830 llt
296 793 350 826 nou
365 788 473 842 semper
487 771 527 825 ite
541 772 648 841 loquuti
664 777 727 826 snut
740 779 858 828 veteres.
893 773 951 828 Cic.
968 775 1055 828 deod.
1071 775 1098 841 1,
1112 775 1138 842 a,
1151 775 1186 830 11.

209 863 379 928 dolorumque
395 858 522 926 susceptio
537 856 680 911 multorum
695 877 865 928 magnorum.
882 877 909 927 p.
928 859 988 912 Mil
1002 859 1098 926 tem.
1117 880 1185 930 quun

209 965 252 1001 rer
265 949 325 1015 ipen
341 951 381 996 tot
396 951 452 995 tam
466 942 547 995 elaris
560 945 725 1012 argumentis
740 945 876 1014 signisque
889 947 984 998 luceat.
1012 948 1057 998 lle
1067 948 1182 999 'Grceeo-

154 1090 157 1095 ,
208 1049 271 1085 rum
285 1046 351 1092 usn,
369 1042 422 1095 quo
436 1025 486 1078 καί
501 1026 638 1081 omittitur
648 1025 795 1097 interdum,
814 1028 1178 1101 dixitSeidlerusquphena
1209 1072 1213 1083 .

207 1115 261 1173 litt.
276 1115 382 1165 leneus.
397 1108 474 1163 1816.
489 1127 516 1162 ιι.
526 1109 586 1163 1116.

186 1279 189 1282 .
243 1217 302 1269 Cic.
319 1211 501 1278 delituiml,
517 1211 560 1277 18,
580 1211 623 1268 35.
641 1233 720 1283 quum
742 1223 831 1272 terrac
853 1236 932 1289 saepe
947 1222 1089 1287 fremitus,
1113 1239 1176 1290 coepe
1209 1224 1213 1281 .’

205 1303 325 1370 mugitus
338 1327 373 1339 —
390 1300 474 1350 multa
491 1305 600 1359 nostroe
615 1301 804 1370 reipublicae,
832 1307 918 1359 multa
933 1304 1024 1359 celeris
1040 1307 1174 1375 uiuentibus

24 1422 32 1436 .
104 1382 106 1387 ’
154 1396 157 1401 ’
204 1387 305 1456 gravia
320 1392 345 1436 et
359 1402 424 1438 cera
436 1383 630 1455 praedixerint.
651 1384 670 1438 i.
688 1403 712 1440 e.
731 1392 759 1440 et
772 1402 848 1441 vere.

152 1490 155 1495 ’
219 1493 254 1560 3.
281 1487 540 1573 Componuntur
564 1485 626 1553 hac
643 1488 772 1556 ratione
790 1476 983 1561 udrerbiurn
1006 1503 1040 1559 et
1055 1491 1171 1561 adiecti·
1210 1458 1213 1551 1

135 1597 233 1659 rum,
252 1572 305 1637 cui
320 1571 402 1636 illud
417 1569 578 1639 inhaeret.
1106 1618 1110 1623 .
1208 1614 1213 1625 .

148 1740 161 1759 „
184 1741 187 1748 .
240 1695 298 1748 cic.
314 1693 392 1746 Orat.
408 1691 452 1756 21,
471 1690 513 1745 w.
540 1694 573 1744 de
595 1711 646 1762 pue
667 1697 806 1762 praeclare
828 1705 853 1751 et
873 1701 959 1752 multu
978 1699 1171 1768 praecipiuntur.
1209 1690 1213 1723 ²

201 1780 275 1850 quod
295 1795 345 1830 uos
367 1776 402 1829 nd
423 1778 601 1833 vernaculam
625 1778 751 1848 linguam
775 1784 1012 1835 accommodantes
1035 1783 1170 1835 dicem!
1205 1778 1212 1833 1

149 1920 152 1925 ,
201 1865 343 1935 praeclare
364 1862 450 1915 multa
472 1863 682 1931 praecipiuntur.
734 1864 790 1916 Sed
812 1865 877 1918 vide
897 1885 967 1934 quae
992 1869 1026 1920 de
1048 1870 1101 1920 hoc
1120 1861 1190 1920 lem¹

147 1964 153 1970 ·
203 1947 296 2000 critici
311 1945 444 2003 hariolnti
460 1953 536 2011 nunt,
572 1952 601 2001 ct
620 1947 715 2000 couler
733 1946 831 2002 Beier:¹
847 1950 882 2002 ad
900 1951 958 2004 Cic.
976 1953 1010 2005 de
1027 1953 1082 2007 Off.
1099 1953 1170 2009 'llll

200 2050 228 2101 p.
246 2031 306 2083 111.

130 2133 148 2197 ’,
217 2135 249 2197 4.
273 2132 311 2196 ln
327 2131 492 2211 hisvero,
517 2133 563 2197 uti
580 2135 645 2197 iam
667 2133 709 2198 Τ.
727 2139 757 2199 1.
780 2158 815 2223 p.
832 2136 906 2200 463.
930 2138 1087 2223 exposui,
1112 2159 1169 2201 cer·
1191 2195 1194 2200 .

134 2231 189 2298 tus
210 2229 257 2282 est
284 2219 372 2304 apud
400 2219 506 2281 bonos
530 2219 664 2304 quidem
687 2221 863 2307 scriptores
887 2223 1067 2287 verborum
1090 2223 1168 2286 ordo.

134 2305 223 2369 Nam·
252 2305 453 2402 interposito
480 2315 513 2368 et
543 2305 846 2393 praeceditprimo
875 2307 949 2372 loco
981 2308 1014 2371 id
1050 2331 1168 2380 nomen,

128 2390 225 2476 ⁴quod
256 2391 349 2454 alteri
378 2389 547 2472 inhaeret,
590 2391 722 2477 eiusque
752 2393 927 2458 notionem
952 2392 1126 2482 amplificat
1145 2403 1169 2458 et
1209 2410 1212 2443 ¹

132 2477 314 2540 constituti.
1067 2522 1070 2530 ·
1207 2448 1212 2583 1

236 2598 327 2648 Tacit.
344 2597 413 2648 Anu.
427 2598 453 2661 1,
473 2596 498 2649 2.
519 2612 599 2664 quam
616 2624 651 2633 —-
671 2596 745 2647 novis
763 2613 794 2649 ec
811 2600 887 2650 rebus
903 2601 977 2651 aucti
992 2607 1053 2653 tuta
1065 2610 1090 2654 et
1102 2617 1168 2670 pree·
1209 2592 1212 2613 ¹

198 2684 285 2736 sentia
310 2700 389 2749 qaum
416 2689 506 2735 vetera
535 2687 560 2731 et
585 2680 734 2747 periculosa
762 2683 881 2734 malleat.
925 2685 1104 2751 Opponuntur
1123 2690 1169 2736 tuln
1209 2676 1211 2683 ¹

199 2765 357 2835 praesentia
385 2768 443 2831 (dic
461 2766 559 2816 richere
587 2765 761 2832 Gegeawarl)
791 2763 933 2821 veteribus
958 2769 1090 2835 periculis
1116 2770 1169 2834 (dec

194 2854 327 2922 scriberes
360 2849 520 2916 Gefnhreu).
555 2848 581 2913 1,
603 2843 644 2900 40.
671 2846 808 2901 iricedcbot
831 2852 957 2903 muliebre
980 2861 1007 2904 et
1037 2840 1171 2906 miserabile

197 2954 304 3007 agmen.
331 2935 349 2985 i.
372 2951 396 2984 e.
414 2933 563 2984 mulierum
577 2931 737 2984 miserabile
753 2950 869 3001 agmeur
897 2936 945 2987 scd
960 2935 1008 3000 15,
1019 2936 1062 2990 54.
1090 2937 1169 2990 etcuin
1209 2972 1211 2979 ·

197 3023 289 3078 uxoris
302 3036 399 3085 piraque
416 3020 553 3068 consiliam
571 3025 732 3070 assumserat
755 3020 881 3072 muliebre
906 3037 948 3089 ac¹
961 3023 1084 3075 deterius.
1108 3041 1131 3089 q.
1148 3036 1167 3070 e.
1207 3022 1211 3059 ῑ

196 3107 334 3160 muliebre
352 3108 379 3154 ct
395 3101 462 3154 item
477 3099 606 3152 deterius.
674 3156 677 3164 ¹

211 3226 243 3288 5.
265 3221 303 3284 Id
321 3223 418 3284 etiam
436 3220 475 3283 ad
495 3242 567 3282 eam
582 3217 728 3282 formam
744 3221 876 3300 attinet,
900 3243 1000 3305 quam
1017 3244 1167 3309 gramma·
1207 3268 1211 3275 ·

126 3309 233 3393 ticifip
251 3305 299 3383 deti
320 3305 610 3394 dopipnappellanss
637 3306 675 3368 de
694 3326 757 3389 qua
774 3305 875 3368 Tem.
894 3305 919 3368 1.
942 3331 974 3393 p.
993 3311 1068 3373 462.
1095 3309 1165 3373 dixi·
1209 3368 1211 3373 .

126 3417 214 3459 mus.
260 3393 323 3455 Sed
343 3393 376 3454 in
400 3415 437 3458 ea
461 3391 565 3454 ubivis
593 3391 823 3454 constituenda
847 3393 948 3456 critici
973 3396 1106 3480 quidam
1126 3404 1165 3455 te-

125 3503 219 3544 rnerc
234 3477 488 3554 laboraverunt,
517 3497 661 3562 quorum
674 3476 818 3539 nimium
834 3478 980 3542 studium
996 3503 1085 3543 nunc
1099 3481 1164 3542 Bbt·

126 3565 271 3629 tieherus
288 3564 492 3648 compescuit
511 3563 546 3624 in
563 3561 642 3622 Lex.
667 3559 697 3621 T
699 3564 771 3625 aeil.
792 3564 924 3651 Proleg.
949 3589 983 3650 p.
1000 3569 1053 3628 80.
1095 3567 1163 3628 Nam

93 3651 190 3718 'nisi
217 3650 379 3734 praecedit
413 3649 505 3710 nolio
542 3645 732 3724 inhaerens,
773 3649 879 3711 unitas
909 3653 1058 3714 notionis
1090 3647 1163 3714 nulla

127 3734 312 3798 conficitur.
357 3735 400 3796 Et
424 3755 526 3818 pionica
549 3743 626 3793 suut
649 3734 801 3819 exernpla
826 3756 913 3800 vera.
965 3737 1006 3800 ln
1032 3737 1162 3800 erutione

124 3843 196 3883 nou
222 3829 387 3883 contracta
413 3829 445 3881 et
470 3817 603 3901 copiosa
626 3838 758 3903 semper
787 3821 896 3884 maior
925 3823 972 3886 vis
996 3823 1161 3906 clariusque

124 3905 237 3969 lumen
264 3912 403 3990 apparet
426 3904 460 3969 in
485 3901 593 3965 verbis
617 3903 770 3987 singulis,
796 3916 828 3969 et
844 3909 1035 3994 saepissime
1058 3908 1111 3980 fit,
1133 3910 1161 3964 ul

126 3992 269 4078 generali
293 3988 422 4051 notioni
452 3989 621 4051 adiicietur
648 3990 784 4079 aliquod
806 4013 932 4059 nomen
955 3995 1100 4084 speciem
1121 3985 1159 4055 rel
1207 4052 1210 4085 1

125 4078 326 4170 singularem
342 4095 414 4138 rem
431 4073 628 4164 significans.
1206 4092 1210 4189 p
