2618 4770
283 418 428 481 Modestia.
456 417 485 469 iu
501 412 630 485 91327,
645 412 678 477 1,
694 408 745 477 18,
760 409 803 464 1⁰.
838 409 900 466 th.
924 408 1051 475 bombis.
1067 410 1103 465 ad
1116 408 1270 479 Lucreti,
1301 428 1303 433 ·

285 508 345 562 412
360 522 388 577 p.
402 500 445 565 ffl·
479 499 587 571 leion.
603 496 632 550 iu
647 496 711 565 nig.
729 495 765 561 1,
779 494 813 561 4,
829 494 862 549 1.’
875 490 918 549 oei
932 496 967 550 'de
981 498 1064 566 plooo
1078 497 1271 567 interloquatur

220 634 224 639 .
286 594 341 658 ost,
358 590 402 643 ool
419 587 503 639 edicto
514 583 659 655 proecepit.
686 579 786 646 1,16,
804 579 838 647 9,
854 579 880 633 8.
898 583 997 653 poterit
1016 582 1049 634 de
1072 582 1156 650 piano
1177 582 1270 635 simili-
1300 590 1303 619 ¹

283 686 325 733 m
337 681 364 728 et
377 674 499 741 libertam
514 686 568 720 ooo
584 670 765 736 obsequentem
780 666 922 718 mendose
937 672 985 718 out
998 666 1083 719 corbis
1098 672 1146 718 aut
1154 668 1269 733 fortius
1298 670 1302 703 ³

268 757 473 830 'castigatione
523 752 587 805 Alia
613 751 670 803 vid.
705 750 778 819 opud
806 749 980 809 Briesouium
1013 748 1047 802 do
1077 750 1162 803 verb.
1199 748 1266 819 sign.
1295 750 1303 791 Ι

286 864 313 916 p.
327 842 404 897 1⁰62.
425 838 483 892 ’02
506 838 634 889 Torreat.
651 835 686 888 od
703 835 815 889 Sueten.
830 834 928 888 Tibcr.
944 834 986 888 bd.
1006 834 1121 887 Gesner.
1140 833 1170 885 in
1186 834 1270 887 Thur·
1293 844 1303 879 ¹

285 948 313 1002 p,
326 926 387 982 9⁰8.
422 923 496 977 Hinc
516 919 535 973 i.
551 939 577 989 q.
595 918 675 974 incili
696 918 817 988 negotio,
841 936 895 972 non
918 922 1011 973 multo¹
1028 936 1115 988 opero
1128 916 1264 973 adhibitos

286 1015 396 1068 Lucret.
420 1005 525 1073 1,412.
544 1007 593 1059 icoc
608 1006 658 1056 tibi
683 1006 814 1073 deploro
834 1022 940 1074 possum
954 1006 1118 1074 promittere.
1138 1003 1158 1057 i.
1174 1020 1199 1057 c.
1217 1020 1264 1065 utu

285 1093 461 1156 solemniter,
479 1088 529 1143 red
542 1088 714 1157 simpliciter.
747 1088 874 1157 inscript.
893 1095 948 1143 out.
966 1088 1038 1158 apud
1048 1089 1159 1141 Gruter.
1175 1086 1260 1156 pist

201 1196 224 1213 ··
284 1188 319 1235 cst
330 1178 424 1250 prucis
442 1176 497 1227 iam
509 1190 623 1255 ccccmo
640 1173 747 1225 bouesbc
760 1174 793 1225 de
806 1176 889 1241 pinno
906 1175 1123 1245 comporticmur.
1155 1173 1260 1241 Lingiur

288 1266 319 1319 iu
334 1264 448 1331 Qunmt.
466 1260 557 1312 Pluut.
579 1274 607 1326 p.
623 1255 667 1308 66.
686 1274 750 1311 cum
761 1258 934 1313 Wakcfleido
950 1256 1053 1327 occipit
1068 1274 1119 1327 pro
1139 1257 1260 1312 adverbii

288 1353 318 1403 ot
330 1344 451 1414 explicat
463 1360 587 1413 prorsus,
607 1343 722 1409 penitus.

331 1448 439 1503 Eadem
463 1450 505 1500 cst
529 1444 603 1498 rutio
625 1443 762 1497 formulae
784 1444 817 1499 dc
838 1445 923 1516 ploao
941 1446 997 1516 legi
1019 1462 1104 1517 posce.
1140 1444 1260 1515 Vipioun

288 1534 318 1587 in
337 1532 407 1600 mg.
426 1530 477 1597 14,
492 1530 524 1596 8,
544 1529 596 1595 11,
610 1527 636 1582 3.
659 1529 821 1596 proscribere
843 1532 938 1600 polam
960 1532 998 1584 cic
1026 1531 1169 1599 accipimus
1190 1531 1261 1584 clarit

289 1615 399 1680 litteris,
418 1616 488 1667 uode
502 1616 535 1667 de
548 1616 632 1684 placo
653 1620 721 1666 reete
735 1614 791 1683 legi
805 1616 903 1683 possit,
923 1622 986 1668 oute
1002 1616 1143 1669 tabernam
1163 1616 1261 1668 scilicet.

289 1704 389 1756 Ausou.
414 1699 492 1752 Grot.
517 1702 571 1752 oct.
592 1716 620 1767 p.
637 1696 698 1751 294.
724 1697 787 1766 Bip.
827 1699 888 1753 vid.
912 1699 1006 1752 (iuiuc.
1032 1699 1149 1752 observ.
1173 1698 1208 1766 7,
1224 1698 1265 1753 D.

285 1788 389 1840 Seuer.
407 1782 469 1838 Nat.
480 1774 591 1854 'quaest
606 1782 640 1847 1,
656 1781 689 1847 4,
702 1780 728 1834 2.
748 1799 796 1834 uos
813 1782 920 1837 iuterim
942 1791 1093 1853 repetamus
1116 1784 1196 1838 ulios·
1204 1803 1265 1855 pro·

290 1871 416 1933 buticum,
427 1886 494 1938 quoe
509 1870 630 1938 deploro
643 1868 700 1937 degi
708 1869 820 1936 possint.
849 1869 941 1923 Etiam
950 1868 1112 1922 Ciceronem
1128 1875 1271 1924 auctorem

289 1955 385 2009 laudet
397 1951 562 2010 Heinccciur
578 1952 666 2021 Epist.
677 1950 713 2006 cd
732 1952 787 2007 Act.
801 1952 826 2019 9,
845 1953 889 2007 m.
924 1954 1029 2011 Isocmu
1043 1970 1098 2007 nou
1114 1954 1233 2010 invenio.

308 2101 360 2161 10.
380 2090 562 2180 Regiouem
578 2085 659 2155 hacc
678 2091 882 2178 praepositio
898 2101 1010 2190 potest
1025 2090 1199 2177 denotare,
1212 2091 1276 2159 ubi

225 2205 264 2250 oa
288 2179 436 2245 alicunde
459 2176 500 2241 ad
521 2177 665 2263 aliquem
686 2176 800 2249 locum
822 2189 937 2266 vergit.
989 2177 1044 2243 Sic
1076 2178 1200 2247 dicitur
1223 2178 1276 2245 de

225 2280 340 2353 tergo,
361 2260 455 2352 quod
474 2273 523 2327 est
537 2285 600 2327 coo
615 2261 746 2332 hintes.

327 2384 420 2438 lustin.
440 2381 491 2449 20,
519 2379 554 2446 5,
576 2378 603 2435 5.
626 2376 672 2439 ¹de
693 2390 771 2455 tergo
791 2383 900 2437 intectis
923 2384 953 2436 tc
979 2388 1110 2456 proelium
1141 2392 1272 2446 hostibus.

292 2471 382 2525 Pluut.
400 2467 475 2521 Asin.
497 2467 530 2532 2,
545 2466 580 2531 2,
597 2465 638 2518 lo.
664 2468 698 2521 de
718 2476 795 2538 tergo
818 2469 944 2521 ducentas
961 2472 1064 2542 plagas
1085 2476 1275 2548 praegnantis

295 2555 374 2608 octo.
406 2553 462 2609 Sed
475 2551 531 2607 ulio
546 2566 628 2605 censu
642 2549 677 2616 2,
693 2549 727 2616 4,
740 2549 784 2604 75.
816 2553 885 2609 Vide
899 2571 982 2622 ruprc
998 2574 1026 2625 p.
1039 2558 1099 2613 190.

314 2696 365 2759 11.
386 2687 443 2759 llis
457 2712 535 2761 vero
550 2686 646 2758 notio
662 2685 867 2762 deductionis
884 2690 965 2757 alios
989 2715 1123 2782 quoque
1146 2697 1266 2762 modos

226 2779 321 2866 regit.
365 2782 468 2863 Atque
493 2789 529 2844 ut
550 2799 652 2866 genus
677 2776 813 2840 alicuius
832 2776 880 2840 r'ei
904 2779 1128 2866 designemus,
1152 2783 1264 2871 dupli-

228 2888 302 2930 cem
322 2865 408 2930 viam
424 2863 503 2927 inire
517 2884 707 2953 possumus.
750 2861 837 2925 Nam
856 2873 911 2925 aut
927 2886 999 2927 rem
1014 2864 1154 2931 dicimus
1170 2893 1189 2932 a
1204 2890 1259 2932 suo

228 2972 347 3036 genere
362 2948 528 3036 proficisci
546 2960 578 3014 et
605 2969 647 3014 ex
669 2968 729 3011 suo
752 2970 871 3036 genere
895 2952 1087 3036 provenire,
1111 2963 1168 3017 aut
1189 2976 1261 3017 cum

228 3058 268 3100 eo
284 3030 459 3099 cohaerere
479 3043 510 3097 et
531 3030 605 3099 iude
629 3032 757 3097 deduci.
802 3033 912 3113 Quare
936 3033 978 3098 de
1002 3058 1073 3101 non
1103 3038 1262 3126 siguificat

225 3132 355 3208 partem
371 3140 414 3182 cx
429 3129 500 3183 toto
516 3130 714 3203 separatam,
737 3119 1017 3204 quemadmodum
1030 3145 1088 3200 ex,
1112 3125 1170 3189 sed
1192 3147 1262 3189 rem

227 3228 296 3271 csse
313 3204 460 3271 alicunde
476 3214 549 3266 sum
576 3212 657 3284 tam,
681 3226 787 3292 eoque
809 3207 984 3293 pertinere.
1027 3209 1139 3274 Nexus
1164 3211 1261 3298 igitur

227 3290 359 3356 firmior
377 3300 441 3365 est,
465 3299 497 3354 et
512 3226 629 3352 reidtio
645 3289 680 3355 iit
696 3290 816 3378 ¹paullo
840 3291 1028 3356 distinctior
1051 3295 1093 3359 ad
1118 3296 1172 3379 id,
1196 3316 1259 3383 quo

226 3398 279 3441 res
302 3376 457 3464 pertinet.
500 3374 605 3439 Pauca
620 3376 786 3464 exempla,
810 3398 894 3464 quae
917 3387 1046 3443 exstant
1065 3381 1102 3445 iu
1125 3405 1149 3447 o
1168 3403 1263 3471 prae·

224 3462 410 3551 positione,
433 3459 546 3525 notavi
562 3458 663 3523 Tam.
681 3464 709 3522 1.
726 3485 761 3550 p.
775 3464 830 3527 34.

312 3582 365 3647 Ex
377 3580 441 3645 hac
455 3579 586 3644 ratione
601 3578 644 3642 de
664 3583 800 3666 ponitur
817 3582 852 3646 in
873 3604 991 3670 genere
1018 3586 1262 3671 constituendo,

224 3666 314 3756 quod
333 3677 380 3731 cst
395 3667 448 3731 vel
467 3687 563 3752 gens,
588 3665 637 3728 vei
657 3666 782 3744 classis,
803 3666 854 3732 vel
869 3666 1008 3753 gradus,
1028 3672 1081 3734 vel
1103 3675 1262 3739 conditio.

222 3757 298 3821 Vid.
315 3755 496 3820 Burmann.
521 3751 560 3813 ad
581 3751 714 3814 Petrou.
731 3751 785 3815 44.
810 3763 843 3816 ct
861 3755 913 3818 alii
937 3777 1020 3853 quos
1043 3756 1155 3823 laudat
1175 3760 1261 3824 Dra-

220 3838 408 3907 kenborch.
425 3837 466 3900 ad
486 3836 554 3901 Liv.
577 3838 637 3910 3⁵,
655 3841 715 3916 29,
731 3840 763 3900 8.
805 3837 875 3902 Nos
895 3840 1033 3905 dicimus
1055 3866 1137 3923 von,
1166 3846 1260 3911 einer

222 3951 295 3993 oon.
347 3926 452 4011 Saepe
476 3918 724 4009 componuntur
751 3923 908 3989 vocabula
941 3948 1044 4008 unus,
1073 3929 1200 4018 aliquis
1229 3942 1261 3995 ct

188 4010 412 4077 ·numeraliu.
471 4006 643 4071 Interdum
677 4028 791 4072 seusus
822 4012 965 4093 exsistit,
1000 4035 1100 4099 quem
1139 4014 1258 4081 reddas

219 4095 467 4185 praepositione
481 4093 589 4177 inter:
609 4091 709 4161 veluti
727 4090 771 4163 de
793 4092 961 4187 aliquibus
979 4110 1165 4187 proestare
1186 4102 1257 4169 oli-

216 4206 283 4271 ‹pra
300 4204 349 4250 rc.
