2618 4770
132 436 201 490 tium
217 453 340 488 meorum.
376 432 673 499 carnuntensem
701 416 870 490 hauo‘r'uata
891 426 974 493 locum
987 445 1112 510 feceruut
1187 420 1189 424 Ι
1238 408 1283 473 Β

53 586 60 593 .
132 522 179 572 rut
195 528 283 586 terra,
305 539 339 573 eu
354 538 402 589 quo
416 527 504 588 posset
519 521 627 583 audire,
648 519 672 570 si
687 519 744 586 quis
759 521 907 588 toqueretur
923 543 979 578 eum
995 530 1112 599 Argilio,

134 605 291 657 Giintherus
318 609 459 674 comperet
486 603 658 656 homericum
691 603 834 672 κλισίηθεν
874 602 999 685 duououe
1031 614 1126 668 Iliad·
1164 600 1184 683 ,⁸
1289 668 1300 683 ..

130 689 174 754 11,
190 687 250 741 695.
1174 700 1239 777 4·
1267 740 1274 759 ,,

863 749 868 773 t

167 791 276 843 Sueten.
297 789 361 842 Tib.
372 787 415 842 33.
433 788 580 858 iudicesque
594 795 642 843 out
655 808 669 842 e
681 792 764 860 plano
780 799 827 845 out
839 811 853 844 e
868 789 1011 862 orruestoris
1025 801 1111 852 tribu-
1169 782 1202 819 '¹‘
1251 792 1254 799 ¹

130 877 189 929 uoti
205 876 370 927 admouebat.
407 851 464 926 010¹.
489 892 516 942 p.
540 874 617 942 Lege
639 875 714 927 Meu.
740 874 766 939 8,
786 876 829 927 21.
861 896 878 928 a
897 882 969 931 uutlo
992 882 1109 948 istorum,
1214 860 1227 883 ⁴

132 961 178 1030 qui
195 961 255 1011 huie
271 962 416 1011 obtrectant
430 958 491 1027 legi¹
501 965 578 1024 utque
596 976 719 1023 caussae,
746 960 776 1013 Iu.
787 961 924 1013 Lentulum
940 966 1061 1019 similiter
1076 986 1110 1020 ex
1158 947 1175 1031 ‘g

130 1046 178 1097 hot
195 1045 249 1095 loeo
265 1060 317 1094 esse
337 1044 482 1094 laudatum.
519 1039 561 1104 lt,
578 1041 619 1093 52.
646 1061 678 1094 ex
697 1044 744 1095 hoo
759 1045 815 1112 ipso
830 1046 884 1096 loeo
897 1052 1030 1115 permulta
1047 1038 1145 1105 iterur·

129 1134 223 1180 eontra
239 1144 296 1178 eoru
311 1127 391 1177 uerbo
401 1125 500 1190 fecisti.
540 1126 571 1176 In
586 1126 631 1176 his
646 1145 711 1178 vero
728 1127 799 1180 ratio
814 1129 959 1182 verborum
974 1122 1108 1189 muxImir-
1152 1114 1156 1123 Ι

127 1229 195 1281 pere
211 1213 301 1275 valet,
322 1227 410 1278 neque
430 1209 521 1261 onmia
541 1217 652 1277 possunt
668 1229 734 1263 oum
752 1213 805 1262 hae
827 1215 1028 1281 praepositione
1043 1236 1108 1272 eon·
1121 1244 1137 1265 ι
1158 1242 1168 1267 s

128 1295 216 1363 iungi.
242 1298 334 1363 Quare
348 1294 449 1359 nescio,
466 1311 501 1347 aa
515 1311 568 1345 uon
578 1295 663 1361 possit
676 1295 796 1362 probari,
813 1298 883 1362 quod
895 1298 960 1351 dant
971 1300 1027 1353 ‘dno
1040 1302 1120 1359 libri*

127 1380 157 1432 in
175 1386 242 1432 orat.
260 1400 286 1449 p.
302 1382 377 1449 Lege
393 1381 466 1432 Man.
489 1378 532 1444 lt,
554 1377 596 1430 42.
625 1381 679 1431 ium
696 1387 822 1447 quantum
840 1383 960 1446 consitio,
980 1394 1108 1452 querutum
1135 1436 1141 1445 ,
1186 1406 1225 1455 ·.''
1265 1370 1275 1393 '

127 1466 232 1517 dieoudi
245 1467 382 1533 grauitate
403 1471 428 1517 et
445 1466 521 1533 eopia
537 1465 674 1515 uuteut-
691 1481 751 1527 uos,
780 1464 909 1530 Quirites,
934 1468 980 1519 hoo
1002 1470 1058 1537 ipso
1074 1489 1108 1523 ex
1187 1452 1205 1519 ..-

51 1595 54 1599 ,
126 1550 181 1601 loeo
196 1567 273 1618 saepe
288 1549 428 1618 cognostis.
462 1547 551 1619 Vulgo
569 1546 672 1615 legitur
692 1548 722 1599 r'a
735 1548 798 1601 iooo.
832 1548 905 1600 Illud
926 1549 1114 1620 ambiguitate
1191 1556 1201 1571 “
1293 1534 1300 1557 ¹

131 1633 248 1687 laboret.

164 1735 211 1788 sic
226 1733 326 1786 dicitnr
340 1752 373 1786 ex
387 1734 473 1786 libello
490 1733 524 1784 de
538 1749 587 1797 eo,
614 1731 661 1800 qui
678 1750 710 1784 ex
725 1704 821 1787 libello
837 1734 914 1803 quusi
928 1735 995 1806 agit.
1031 1738 1104 1794 Plio.

128 1820 214 1890 Epist.
230 1820 255 1885 6,
270 1819 296 1884 5,
312 1820 338 1872 6.
365 1829 391 1873 et
413 1821 501 1872 Celsus
522 1819 619 1888 Nepoti
641 1834 674 1869 ea
695 1818 782 1871 libello
803 1822 953 1893 respoudit,
984 1831 1010 1875 et
1032 1826 1107 1878 Celso
1170 1836 1177 1857 ⁵

128 1905 214 1974 Nepos
224 1907 414 1975 purgatioribus.

75 2070 84 2083 .
142 2008 195 2072 25.
229 2007 312 2070 Sunt
335 2006 471 2071 nomina
495 2003 621 2066 itineris
636 2013 680 2066 ·et
700 2001 796 2088 fugae
824 2014 857 2066 et
879 2004 1018 2077 fortasse
1043 2010 1104 2077 aliu

60 2090 157 2161 huius
173 2093 318 2179 generis,
350 2112 450 2175 quae,
483 2111 584 2174 quum
605 2098 756 2150 narratur
771 2089 891 2173 aliquid
910 2103 1018 2157 aetum
1036 2119 1104 2161 esse

61 2177 102 2241 ab
118 2177 176 2252 iis,
204 2177 259 2260 qui
274 2177 309 2239 in
324 2175 439 2260 itinere
465 2173 514 2236 vel
530 2176 563 2235 in
581 2172 658 2256 fuga
673 2173 790 2235 versati
806 2184 929 2253 essent,
951 2180 1027 2240 eum
1042 2179 1104 2245 hae

86 2263 307 2349 raepositione
332 2269 595 2345 componuntur,
631 2256 687 2319 ubi
708 2279 770 2318 nos
793 2257 930 2321 dicimus
955 2284 1017 2324 oon
1043 2264 1106 2328 der

50 2285 159 2412 ‘iteise
176 2369 256 2421 uris,
280 2343 407 2429 saepius
424 2365 502 2417 vero
519 2341 585 2427 uus
600 2339 661 2404 der
675 2339 782 2404 Reise.
827 2344 978 2409 Attamen
996 2351 1104 2410 omnis

59 2431 140 2496 haec
157 2430 376 2494 ratio'nititur
389 2429 423 2492 in
442 2427 563 2505 verbio,
583 2449 670 2511 ‘quae
686 2427 894 2490 emissionem
911 2424 959 2493 vei
979 2429 1104 2496 exitum

61 2528 117 2581 aut
133 2514 332 2598 significant,
350 2524 405 2576 aut
419 2509 451 2576 id
466 2515 600 2599 eogitari
614 2511 737 2575 iubent.
783 2511 891 2575 Veluti
909 2537 1009 2600 quum
1029 2517 1104 2580 Sal-r

60 2602 178 2666 Iustius
202 2600 271 2687 lug.
298 2602 347 2676 13,
365 2605 397 2661 4.
417 2599 568 2687 scripsit:
601 2597 704 2661 uictus
720 2619 760 2659 ex
773 2598 924 2681 proelia,
942 2594 1104 2689 profugit

62 2684 334 2770 inproviueium.
351 2684 501 2770 cogitavit
521 2685 639 2746 vietum
650 2683 683 2744 in
693 2683 831 2767 proelio,
846 2685 901 2746 sed
912 2708 1105 2748 accommo-

62 2772 149 2835 davit
172 2773 367 2856 sententiam
396 2769 495 2834 verbo
514 2764 712 2856 profugere.
768 2768 876 2846 Quare
902 2793 971 2832 non
995 2781 1103 2856 potest

63 2857 126 2921 diei
142 2857 275 2921 litteras
293 2856 446 2940 occipere
464 2878 503 2918 ex
517 2853 657 2929 itinere,
681 2851 736 2914 sed
759 2853 876 2916 Caesar
889 2854 925 2918 B.
938 2857 997 2919 civ.
1014 2857 1102 2935 1,25.

63 2952 191 3029 poterat
216 2943 321 3006 dicere
350 2941 500 3026 legiones
529 2961 568 3001 ex
597 2938 718 3000 itinere
743 2939 982 3022 compleuerat,
1013 2940 1104 3024 quod

66 3027 148 3090 dixit
164 3029 208 3090 ‘iu
233 3028 364 3090 itinere.
410 3024 473 3087 Sed
498 3023 701 3107 grammatici
728 3044 833 3109 nuper
857 3024 936 3087 haec
960 3026 997 3088 ad
1022 3023 1104 3088 eon-

62 3114 292 3199 sequutionem
309 3122 340 3175 et
358 3122 489 3195 tempus
506 3106 627 3171 referre
641 3107 846 3187 maluerunt,
870 3111 960 3194 quasi
978 3109 1105 3174 dicere-

63 3208 117 3261 tur
131 3195 219 3282 fugu
231 3194 348 3344 ζαθέω,
373 3197 440 3259 sive
460 3193 578 3261 stetim
592 3204 672 3277 post
690 3189 828 3279 jugum.
879 3195 939 3256 Vd.
964 3195 1103 3281 Herzog.

65 3282 105 3346 ad
124 3283 213 3344 Caes.
260 3282 359 3367 .gall.
379 3286 409 3361 6,
429 3281 482 3343 35.
520 3277 680 3341 Giinther.
705 3280 745 3340 ad
769 3277 902 3342 Cornel.
918 3277 1012 3364 Ager.
1027 3283 1060 3363 4,
1072 3286 1104 3346 6.

65 3368 126 3432 Cui
147 3367 327 3447 sententiae
351 3367 421 3453 ipsa
446 3363 598 3448 exemplu
621 3373 817 3448 repugnant.

166 3484 277 3536 Sallust.
296 3485 354 3536 Cat.
369 3484 412 3548 84,
428 3485 454 3536 2.
475 3483 593 3535 Catilina
612 3499 645 3532 ex
669 3481 763 3532 itinere
778 3481 909 3551 plerisque
923 3460 1105 3537 erutuloriiu's

132 3570 234 3621 litteras
247 3569 336 3620 mittit.
370 3568 428 3620 cte.
442 3568 476 3619 ad
489 3568 567 3619 Fam.
581 3564 605 3628 3,
622 3564 648 3629 o,
663 3564 687 3617 2.
705 3580 768 3617 aem
784 3562 854 3633 quies·
863 3583 896 3617 ex
910 3566 1012 3630 itinere,
1028 3574 1104 3618 aute-

133 3671 260 3722 querneae
275 3652 341 3703 Asia
361 3668 480 3719 egressus
501 3669 542 3715 es,
570 3651 606 3702 od
621 3667 661 3702 me
675 3649 778 3702 litterae
793 3650 886 3701 misisti
899 3654 951 3702 eto.
985 3649 1044 3703 niv.
1060 3647 1104 3715 35,

131 3738 174 3802 24,
190 3736 215 3790 3.
250 3738 327 3789 Caes.
343 3736 376 3787 Β.
392 3733 458 3801 gall.
474 3734 500 3797 2,
516 3733 545 3785 e·
566 3733 595 3784 id
617 3749 650 3785 ex
671 3732 765 3785 itinere
778 3750 876 3803 magro
891 3735 988 3801 impetu
1002 3735 1105 3802 Belgae

132 3810 288 3892 oppugnare
311 3824 455 3888 eoeperuut.
487 3816 535 3869 ubi
563 3815 718 3884 Hemogius
742 3835 823 3885 qaum
845 3817 951 3871 auilites
974 3816 1106 3884 iutelligit

134 3906 255 3974 parilium
280 3906 313 3957 de
336 3904 384 3956 via
407 3902 583 3965 deredentes,
615 3900 738 3954 alienum·
753 3919 862 3956 sensum
883 3901 1022 3956 admiscet.
1055 3901 1108 3954 use

133 4006 199 4042 vero
220 3987 250 4055 ἐξ
267 3985 383 4058 ἐφόδου.

170 4075 247 4130 cner.
262 4075 296 4128 B.
314 4074 367 4127 eir.
383 4070 410 4136 1,
428 4068 470 4139 24.
494 4070 628 4141 reducitur
645 4071 681 4125 od
696 4070 995 4145 eom-deprehensusex
1013 4065 1109 4122 itinere
1183 4096 1191 4116 2

747 4148 817 4216 4'0*
890 4159 896 4192 ³
