2664 4756
1110 222 1115 227 ’
1144 238 1159 269 s

213 281 279 348 sco
476 266 623 342 rarus.
667 265 789 337 mun
831 265 997 335 rurus.

625 454 844 545 FATIM.
885 480 889 487 ·

301 610 415 680 Fam!
436 608 517 672 olim
532 609 568 673 in
583 625 647 671 usu
666 602 765 669 fuisse
773 651 784 682 ,
809 613 896 669 certe
919 600 1180 668 recentioribus
1199 610 1269 672 teni

216 699 375 792 poribus,
395 692 430 759 id
445 694 575 757 Servius
593 700 757 756 monstrat
776 689 816 754 ad
829 689 946 776 Virgil.
962 690 1049 753 Aen.
1070 694 1107 769 1,
1118 694 1194 754 12⁸.
1231 691 1268 755 Dc

219 781 458 872 significatione
469 777 565 841 huius
582 775 731 843 vocabuli
748 775 890 838 diximus
905 775 941 839 in
957 791 1135 839 aarum
1144 774 1265 840 Tomi

195 876 202 889 '
245 871 343 933 ‚rou
373 864 452 927 Nou
470 866 592 929 omissa
616 871 666 926 est
687 860 888 947 praepositio
903 858 954 924 ud
964 907 976 942 ,
1001 869 1040 923 ut
1052 859 1266 925 Doederlinn

218 893 351 1040 gynon.
372 948 415 1014 Τ.
423 954 455 1014 8.
475 953 594 1036 p--lttz,
616 942 801 1011 existimot'
827 945 961 1011 Nomen
977 966 1104 1032 pense
1124 955 1255 1011 constat.

500 1131 681 1218 runa.
740 1127 993 1242 raama..

304 1280 340 1349 st
360 1280 481 1346 inulla
504 1277 663 1366 particula
685 1298 747 1364 per
777 1275 1080 1364 grammaticorum
1105 1277 1263 1366 negligan-

216 1368 300 1433 tiam
327 1367 509 1431 obscuritas
533 1375 565 1428 et
596 1363 822 1449 explicationis
854 1360 1053 1446 ambiguitas
1079 1384 1156 1427 non
1179 1364 1261 1428 modo

219 1464 292 1518 non
308 1460 524 1526 evanuerunt,
551 1446 609 1512 sed
632 1449 754 1511 mirum
776 1447 812 1511 in
833 1445 976 1511 modurn
1002 1446 1172 1515 adauctae
1190 1459 1261 1528 snut,

219 1538 257 1607 id
271 1536 422 1626 prolecto
440 1534 567 1600 factum
582 1533 682 1596 est-in
698 1532 803 1598 verbis
818 1539 957 1595 renuet
974 1549 1123 1599 πω
1155 1535 1261 1599 Omna

220 1625 312 1690 enim
329 1620 555 1708 praecipiunt,
577 1618 629 1681 his
645 1616 810 1683 vocabulis
824 1636 896 1680 rem
915 1613 966 1681 vel
982 1637 1178 1683 numerum
1192 1641 1261 1683 non·

218 1707 305 1774 nibil
320 1705 474 1771 imminui
492 1714 524 1767 et
548 1701 742 1765 sententiam
765 1699 920 1784 restringi
942 1721 984 1764 eo
1006 1703 1143 1784 mado,
1172 1714 1260 1769 ntaut

219 1792 351 1861 notioni
381 1788 478 1853 alicui
508 1797 563 1850 aut
585 1786 737 1849 universo
758 1784 880 1848 iudicio
908 1783 1032 1870 aliquid
1062 1787 1258 1854 detrabatur:

220 1895 423 1964 quamquam
439 1871 503 1960 ipsi
526 1868 651 1934 addunt
668 1891 748 1934 exce
776 1868 916 1949 tionem,
944 1869 1132 1938 interdum
1153 1873 1259 1962 aliquid

220 1962 319 2027 etiam
335 1957 421 2022 addi.
464 1955 531 2019 Nec
548 1961 721 2041 quisquam
760 1955 889 2019 istincte
906 1952 1078 2039 declarat,
1103 1959 1259 2045 quomodo

207 2054 254 2110 =et
282 2041 381 2108 valde
408 2045 440 2106 e't
463 2039 662 2127 plenamque
692 2048 726 2103 et
750 2061 862 2126 prope
892 2047 925 2123 et
943 2037 1066 2129 focile
1105 2065 1162 2109 una
1187 2065 1260 2109 voce

221 2128 366 2214 exprimi
388 2127 527 2214 possint.
561 2121 653 2205 ¹Sed,
684 2134 723 2189 ut
742 2147 841 2211 saepe
863 2122 898 2188 in
920 2121 987 2215 hoc
1009 2148 1137 2193 rerum
1152 2149 1256 2217 genere

221 2212 356 2291 accidit,
373 2214 407 2276 in
422 2211 479 2274 has
493 2208 644 2275 tenebras
662 2208 873 2289 aberrarunt,
895 2229 999 2295 quum
1017 2210 1065 2275 de
1084 2214 1136 2278 via
1150 2218 1169 2279 'a
1182 2224 1258 2278 sete«

219 2299 311 2364 ribus
333 2298 399 2360 iam
421 2294 580 2383 patefacta
608 2292 831 2374 deflexissent3
861 2303 893 2356 et
906 2293 986 2383 sere
1012 2318 1031 2359 a
1058 2321 1182 2385 graeco
1205 2300 1259 2387 sepi

221 2381 405 2448 derivarent
432 2389 464 2443 ct
496 2383 530 2444 in
556 2379 662 2467 ferme
692 2379 921 2465 interpositam
950 2401 1021 2445 esse
1060 2406 1102 2446 m
1131 2384 1257 2450 litteram

218 2468 459 2533 existimarent.
499 2458 569 2529 Nos
586 2464 754 2528 redeamus
769 2466 804 2528 in
829 2474 978 2548 apertum
998 2488 1169 2554 campum
1187 2478 1216 2535 et
1227 2467 1257 2534 ad

219 2564 346 2617 veteres
362 2559 521 2613 auctores.
562 2551 670 2613 Varro
686 2549 774 2613 enim
791 2547 831 2612 de
846 2549 939 2636 Ling.
954 2549 1012 2613 lat.
1030 2557 1067 2633 6,
1084 2555 1119 2619 5.
1163 2578 1257 2621 ermc

222 2637 349 2701 dicitur
385 2633 453 2697 uod
469 2656 558 2697 nune
572 2633 691 2724 sere.-
719 2644 895 2720 utrumque
916 2633 1049 2698 dictum
1074 2663 1101 2702 a
1137 2641 1256 2717 arendo,

146 2720 151 2730 '
223 2718 348 2784 'uad'i
380 2767 389 2798 ,
430 2717 519 2804 qrrod
533 2718 669 2808 fertur,
710 2729 760 2782 est
782 2720 820 2784 in
842 2731 935 2783 motu
959 2732 1065 2806 atque
1093 2726 1254 2791 adventat.

220 2745 401 2870 insulanus
428 2805 478 2866 15.
510 2825 541 2888 p.
568 2808 660 2866 1010.
685 2803 860 2867 sciendum
884 2816 1020 2885 tamen,
1051 2811 1255 2899 quodquce·

220 2889 306 2954 dam
322 2887 491 2951 adverbia
504 2910 570 2950 non
583 2888 685 2972 plene
700 2900 835 2952 servant
848 2886 1169 2978 significationem,
1187 2918 1255 2984 quoe

221 2974 260 3038 in
271 2971 462 3038 nominibus
475 2983 545 3049 est,
574 2996 601 3035 a
624 2971 739 3059 qrtibus
760 2972 978 3054 derivantur,
1007 2988 1046 3039 ut
1060 2979 1171 3067 serus
1182 2983 1254 3074 jere,

220 3073 441 3135 sandaracae,
470 3078 584 3120 sensus
599 3059 734 3121 sensim.
776 3057 860 3123 Ideo
883 3070 998 3123 autem
1021 3059 1184 3129 dixinurs
1200 3088 1254 3131 uos

214 3142 334 3233 plene,
355 3143 436 3228 quic
446 3153 559 3226 potest
575 3165 644 3206 esse
660 3144 778 3230 aliquo
792 3145 902 3224 ratio,
926 3144 1080 3233 estserae
1093 3150 1252 3220 dicuntur.

220 3250 307 3315 qrsce
336 3227 428 3290 omni
457 3249 596 3311 corpore
622 3226 794 3314 seruntur,
831 3230 952 3316 quippe
982 3251 1090 3316 quum
1121 3249 1252 3322 quatuor

217 3310 362 3398 pedibus
383 3323 541 3374 utantur:
569 3311 640 3411 {gre
663 3334 746 3398 ergo
763 3334 828 3398 pro
853 3314 960 3391 iuxta,
983 3315 1079 3400 quod
1102 3321 1252 3386 celeribus

221 3397 340 3461 omnio
360 3397 457 3458 iuxta
480 3408 568 3460 arunt.
596 3394 736 3475 labis,
767 3397 996 3475 uti-solebant,
1020 3412 1153 3469 veteres
1196 3408 1252 3470 riu-

219 3481 322 3568 cipia,
347 3480 463 3565 quibus
482 3482 544 3566 ipsi
562 3491 655 3545 eraut
669 3482 860 3569 propiores,
883 3483 1088 3569 simpliciore
1105 3428 1252 3575 expiara-

218 3566 308 3630 ts'one
328 3564 537 3646 invenerunt,
564 3568 729 3631 tamenin
752 3566 848 3630 rebus
870 3567 946 3632 inde
969 3568 1177 3640 deducendis
1196 3596 1252 3639 nor

216 3648 382 3739 praeclare
408 3660 485 3713 snut
506 3653 633 3714 versati.
684 3652 799 3738 Neque
821 3654 907 3716 enim
932 3675 1016 3738 opus
1042 3668 1093 3720 est
1142 3661 1251 3724 uudru·

216 3734 374 3824 pedibus‚
410 3746 448 3798 ut
477 3736 646 3800 celeritatis
673 3748 826 3800 naturam
856 3737 1077 3824 explicemus:
1110 3684 1251 3834 iilquod

217 3822 343 3970 ophiram
368 3823 536 3908 perspexit
557 3821 699 3907 Scaliger
727 3822 768 3887 de
785 3823 911 3888 Gaussis
940 3822 995 3888 lat.
1018 3825 1105 3914 ling.
1138 3852 1168 3896 c.
1187 3834 1249 3898 153.

176 4053 185 4060 ,
213 3926 237 3994 p
296 3991 467 4077 Originem
500 3990 622 4054 horum
651 3990 829 4057 verborum
860 3992 1083 4078 conspicimus
1124 4002 1162 4066 in
1186 4000 1251 4090 jer.

213 4094 256 4139 ex
272 4095 340 4162 quo
363 4074 400 4141 fit
416 4075 516 4164 jero,
542 4075 634 4164 quod
654 4099 726 4145 non
748 4076 885 4145 debetur
898 4078 1053 4166 Graecis,
1073 4085 1249 4155 sedaimtli
