2618 4770
431 268 572 340 clueo.
616 269 795 342 elacvto.
1096 282 1137 351 61

165 430 252 489 uentu
263 432 341 486 mirsi
356 430 449 502 legati.
484 428 617 500 Sigoniur
633 433 661 485 et
673 427 818 484 Doulatius
837 415 968 499 gruem
982 428 1139 503 formulam,

170 536 213 590 qus
230 518 260 572 ol
281 517 350 587 recob
372 511 516 571 Πλάτωνα·
533 530 585 584 pro
608 514 669 583 ipso
687 512 804 569 Plutone
824 509 941 581 dicitur,
968 517 1002 569 ad
1025 519 1138 576 Latinos

170 607 323 660 translatam
338 606 477 671 putarunt.
511 601 592 653 Haec
613 615 680 652 vero
704 600 839 666 formula,
858 617 941 668 quum
963 607 1139 670 grammatici

171 708 211 744 son
223 695 306 742 recte
322 687 489 755 pleonasmis
506 686 687 755 adnumerant
709 691 822 738 auctore
838 689 1014 755 Hermanno}
1032 707 1050 743 a
1062 690 1140 744 Loti-

168 775 201 828 uis
215 773 335 828 tractari
355 773 433 826 nullo
452 775 533 838 pacto
553 775 664 838 poterat
684 768 719 821 ob
744 770 882 825 delectum
901 774 1028 841 articuli,
1050 794 1140 846 neque

165 859 229 928 opud
242 859 319 929 ipsos
334 857 481 927 scriptores
496 854 658 909 imitationis
675 855 764 908 ullum
788 862 877 911 exstat
890 861 1048 930 vestigium.
1083 864 1142 917 rlb-

166 947 244 1001 surda
267 950 310 997 est
332 942 457 996 Turnebi
478 941 635 995 coniectura
656 957 671 993 c
692 941 763 992 cirea
782 948 949 1011 pruetmem,
966 958 1056 1015 nequa
1076 965 1159 1000 con-.

165 1029 238 1100 iungi
259 1033 374 1099 possunt
391 1028 478 1081 verbu
503 1025 588 1096 legati
606 1022 678 1075 circa
698 1029 1026 1101 prcuorengbquidsm
1041 1051 1142 1087 nomen

164 1116 292 1185 praeturis
305 1130 323 1173 a
338 1111 476 1178 librariis,
495 1111 543 1181 qui
556 1108 755 1178 praepositioni
773 1104 805 1162 id
826 1113 979 1168 addendum
1001 1118 1143 1173 existima-

166 1205 238 1265 rest,
261 1197 411 1260 insertum,
433 1199 597 1267 integreque
610 1193 698 1249 verba
711 1210 770 1249 esse
782 1201 850 1265 puts
861 1198 951 1252 baeer
967 1201 1039 1256 usca
1053 1204 1091 1257 od
1103 1204 1142 1256 ei·

168 1284 260 1338 vitatos
276 1282 367 1350 mirri,
384 1283 426 1337 uti
441 1284 474 1350 1,
492 1279 542 1349 17,
557 1280 584 1336 l.

196 1387 306 1443 Tibull.
321 1387 354 1453 1,
369 1387 404 1454 3,
419 1387 462 1441 81.
480 1403 512 1440 oc
527 1386 598 1438 circo
610 1382 739 1456 gravibus
750 1384 841 1455 peusis
856 1389 944 1455 affluo
956 1394 1049 1459 puello
1062 1396 1144 1464 pasl„

167 1472 240 1525 latiur
256 1490 347 1525 romae
357 1475 434 1540 sura
458 1473 577 1526 remittat
596 1485 671 1540 opor.
704 1464 745 1522 lo.
768 1470 856 1525 Reor.
872 1473 982 1527 Vossius
1001 1484 1078 1531 recte
1096 1499 1146 1533 no-

169 1557 234 1613 tarit
247 1575 300 1626 per
323 1559 395 1612 eires
415 1554 567 1627 significari
587 1552 762 1607 uicinitatem
785 1568 839 1607 uon
863 1557 1022 1626 delinitum,
1038 1568 1096 1616 tum
1114 1565 1150 1616 ds

171 1660 216 1696 uno
233 1643 349 1697 bomine
364 1659 446 1711 quam
462 1641 497 1693 de
509 1638 643 1709 pluribus.
676 1634 916 1708 werrenharius,
934 1662 1017 1714 quum
1031 1647 1146 1702 vidisset

169 1728 345 1783 allusehkio
367 1725 523 1796 comparari
544 1725 653 1792 locum,
677 1723 707 1777 in
732 1741 786 1793 quo
811 1726 943 1781 Seleucus
966 1731 1038 1799 apud
1059 1733 1146 1785 Athe-

167 1832 262 1867 naeum
284 1812 311 1867 6.
334 1831 361 1883 p.
383 1811 443 1867 267.
467 1830 491 1864 c.
523 1803 686 1879 ἀμφίπολον
706 1809 905 1880 interpretatur
933 1811 987 1884 cdv
1006 1815 1071 1884 curel
1093 1817 1146 1888 τήν

168 1897 317 1955 δέσποιναν
336 1891 531 1966 θεράπαιναν,
551 1900 645 1948 monet
667 1896 739 1948 haee
760 1914 795 1949 ex
819 1897 896 1951 vitiis
917 1906 1073 1956 nostrarum
1092 1899 1147 1956 lin·

167 2003 281 2055 guarum
306 1982 443 2055 iudicuri:
466 1979 579 2039 Latinos
601 1997 668 2034 vero
692 1998 747 2035 non
771 1981 894 2036 imitatos
923 2002 983 2039 esse
1013 2000 1147 2056 maecum

168 2089 242 2124 usum
258 2075 286 2123 et
308 2070 380 2123 circa
400 2064 535 2121 domiuum
556 2063 686 2137 usurpari
707 2082 762 2119 uon
784 2066 838 2121 nisi
860 2068 895 2121 tle
912 2069 1052 2138 pluribus,
1073 2078 1101 2125 et
1123 2071 1147 2124 si
1249 2080 1253 2099 ¹

170 2158 274 2227 quaudo
288 2150 459 2208 contrarium
476 2153 640 2205 observetur
657 2154 687 2206 iu
702 2140 919 2222 praepositione,
938 2154 968 2206 id
986 2173 1041 2208 non
1060 2153 1149 2225 perti·

168 2262 230 2297 nere
245 2241 281 2297 ud
303 2237 474 2294 adverbium.
509 2236 589 2291 Haeo
605 2254 716 2305 prorsus
739 2239 843 2291 absona
866 2239 1046 2294 vehementer
1061 2240 1150 2295 miror

171 2328 265 2381 avire
286 2323 412 2393 alioquin
426 2322 563 2403 laudabili
580 2320 666 2375 scribi
681 2320 818 2390 ραίιιῐνεα.Ι
853 2322 909 2376 Sed
928 2324 1050 2378 Baebius
1068 2324 1151 2379 affert

169 2408 385 2469 brokenborclrli
396 2400 435 2464 ,et
458 2406 565 2461 Deleri
578 2408 681 2473 libros,
703 2406 732 2460 in
748 2406 846 2477 quibus
861 2408 944 2479 longe
958 2407 1015 2462 ulia
1036 2409 1151 2462 demon*

173 2504 295 2551 struatur.
342 2492 403 2547 Etsi
427 2493 611 2564 grammatica
632 2493 705 2548 ratio
736 2510 789 2546 nou
814 2490 1002 2559 subvenisset,
1028 2493 1151 2547 riderem
1177 2512 1179 2519 ’

172 2590 279 2652 poetam
298 2586 329 2637 et
340 2579 494 2650 imaginem
508 2581 543 2634 ab
561 2596 594 2634 eo
611 2578 794 2648 descriptam,
811 2578 842 2633 in
864 2596 920 2649 qus
939 2580 1041 2632 multas
1063 2566 1151 2632 ancil·
1255 2604 1258 2612 ι

172 2667 210 2720 lus
230 2667 307 2720 circu
329 2666 469 2722 dominam
490 2684 583 2720 somno
602 2682 745 2736 oppressas
759 2665 925 2718 videremus.
966 2665 1110 2728 Proiecto,
1128 2661 1152 2717 si

173 2755 262 2823 plures
284 2756 390 2818 essent,
414 2752 534 2822 garrulis
549 2751 719 2804 sermonibus
737 2767 863 2804 somnum
884 2750 1059 2819 depulissent.
1094 2749 1153 2801 Ta-

174 2854 232 2891 men
245 2837 340 2907 l'ulpli
357 2837 576 2907 explicationem!
589 2836 753 2890 collectivae
770 2834 894 2888 dictionis
916 2835 1045 2905 probavit
1067 2833 1152 2886 etiam

174 2923 338 2978 bachmann.
357 2923 391 2976 ad
404 2923 531 2992 Propert.
545 2940 572 2991 p.
586 2920 647 2975 237.
682 2921 746 2975 Allo
761 2939 806 2974 res
821 2926 863 2974 est
875 2920 948 2989 apud
961 2916 1070 2987 Apulei.
1085 2917 1153 2972 Met.

173 3006 197 3060 Ι.
213 3024 240 3077 p.
257 3005 318 3060 125.
346 3026 425 3077 puceu
439 3013 547 3077 repente
560 3007 631 3058 iutro
647 3023 741 3075 repens
762 3005 875 3060 mustela
889 3005 960 3063 arou
973 3020 1014 3060 mc
1031 2994 1158 3069 rueretitiss⁴

176 3092 341 3168 obtutumque
358 3092 517 3145 marimum
539 3091 569 3144 iu
596 3104 638 3142 rue
656 3090 787 3144 destituit.
813 3090 863 3143 ubi
882 3082 955 3146 boue
976 3090 1156 3145 concrescat

175 3185 265 3230 eontra
293 3192 343 3230 rue.
393 3176 490 3248 Neque
514 3173 635 3232 conteni
658 3180 749 3246 potest
777 3174 944 3234 Abiuovm
965 3175 1042 3245 low
1072 3187 1156 3246 tum

176 3260 383 3332 praeustas.

189 3416 220 3481 5.
251 3416 405 3505 Denique
420 3438 524 3506 quum
538 3440 583 3485 ex
603 3418 722 3487 vicinia
745 3418 817 3507 ipse
839 3417 908 3485 loci
924 3415 1004 3484 situs
1028 3440 1157 3507 cogno-

125 3508 226 3593 potor,
244 3504 384 3590 ponitur
396 3506 488 3570 circu
498 3505 684 3595 procdscl
698 3504 805 3593 apud,
822 3515 855 3570 et
865 3490 951 3569 llaec
966 3509 1079 3570 omnia
1093 3527 1156 3592 pro

125 3600 162 3650 to.
205 3587 403 3677 lutelligitur
428 3592 517 3658 euim
541 3594 655 3679 regio,
685 3592 720 3655 iu
747 3613 811 3679 qua
830 3600 921 3655 terra
945 3592 996 3657 vel
1018 3614 1071 3656 res
1096 3594 1159 3656 sita

126 3681 173 3755 ul,
189 3686 221 3739 et
237 3677 311 3763 ipso
327 3675 408 3741 haec
424 3688 513 3744 terra
530 3679 583 3744 vel
595 3699 658 3744 res.
701 3677 908 3744 Medicorum
924 3676 1097 3764 peculiaris
1110 3686 1160 3742 est

126 3773 206 3836 urus,
228 3763 297 3848 quo
313 3763 480 3831 vitiumet
491 3764 652 3832 morbum
668 3785 740 3831 esse
764 3763 878 3829 dicunt
902 3766 991 3831 cirea
1014 3763 1160 3852 aliquam

126 3849 261 3935 eorporis
276 3858 420 3937 portem.
461 3882 465 3887 ·
693 3870 697 3881 ·
787 3880 790 3887 ·

223 3969 347 4024 Murtial.
365 3970 416 4036 12,
430 3968 480 4036 83,
497 3970 524 4024 1.
542 3972 662 4042 effugere
674 3970 705 4024 in
722 3966 834 4025 ibsrmis
855 3975 881 4022 et
902 3968 974 4023 circo
994 3968 1091 4023 balneo
1106 3984 1161 4020 non

181 4060 220 4105 ert
242 4055 438 4126 Menogeneu.'
465 4055 540 4110 (lust.
563 4054 697 4124 4,b‚1..
719 4054 907 4120 dubitarunt,
935 4062 1059 4108 amouere
1088 4055 1159 4105 circu
1265 4078 1274 4097 ·

183 4136 399 4212 timpum
417 4141 586 4210 mistum
601 4128 786 4201 romaum
797 4110 878 4213 refu
891 4126 1054 4213 astrueret.
1086 4136 1161 4194 Plio.
