2618 4770
238 304 303 367 722
488 286 722 359 rou'rlssn.
764 282 1009 357 matusale.

225 489 230 496 .
308 452 377 509 nm.
390 450 419 517 ἱ,
432 448 459 514 Ι,
472 446 514 501 19.
532 445 689 500 detinentes
707 445 827 509 sertam
840 450 871 498 to
883 450 1018 515 projeetus
1030 446 1088 501 atto
1096 446 1222 514 luero?
1240 468 1273 515 u.

307 539 452 606 Nuptan·
480 529 507 596 ὅ,
527 528 611 596 ⁸2⁸1·
634 534 666 582 ὓ*
683 530 818 595 smus
834 547 903 599 Μ
916 534 998 599 Μ*
1016 530 1061 585 ¹¹⁶⁰
1074 532 1164 598 ‘lma
1182 535 1273 589 Ml?

309 641 328 676 n
350 661 357 675 .
380 619 447 673 Seio·
1104 660 1110 676 .

329 640 400 776 ΙΙΟἰο.
415 716 451 771 ed
464 716 542 770 Fam·
559 715 585 781 ²,
598 713 642 781 lt,
656 713 683 768 4.
703 716 772 784 qnod
785 723 824 769 est
838 715 924 786 igitur
935 732 1022 769 m
1031 716 1112 771 tn‘ste
1123 719 1274 772 enmilieul

306 803 497 861 etdiseedem
505 805 623 868 sonasse
631 800 660 852 is
669 800 953 868 dipensationem?
971 801 1049 854 Nosti
1064 803 1138 856 enisa
1154 809 1209 856 ete.
1228 802 1245 855 i.
1257 821 1273 855 e.

304 887 428 959 snspleer
442 892 469 939 te
483 883 641 954 intelligere
653 884 802 936 dissessum
817 884 847 936 in
860 883 1029 938 solitudines.

341 992 432 1046 Plani.
447 988 526 1056 (lept.
541 985 568 1051 d,
583 982 609 1050 4,
624 982 668 1039 ut.
695 1003 733 1037 aa
747 992 777 1039 tn
786 989 907 1053 fortasse
914 986 997 1054 fnltts‘
1010 992 1089 1042 ms
1102 989 1193 1044 man-3·
1206 992 1273 1045 m.

304 1078 375 1140 trs's‚
395 1072 441 1143 pul
456 1070 485 1124 s'd
503 1078 561 1125 tam
576 1072 704 1124 audacter
721 1070 807 1124 dicere
821 1072 926 1125 eadee?

322 1180 354 1243 3.
389 1171 514 1240 Deinde
541 1173 699 1258 gravescit
728 1172 827 1237 eliam
860 1170 1026 1261 opinionis
1056 1188 1272 1243 momentum.

239 1266 346 1349 Atque
364 1258 513 1349 fortasse
528 1258 606 1321 dicit
627 1256 673 1332 is,
705 1257 756 1319 eui
774 1257 814 1323 de
833 1258 940 1344 aliqua
962 1280 999 1322 re
1022 1259 1070 1324 ila
1089 1276 1271 1349 persuasum

239 1359 304 1427 est,
337 1343 538 1431 etamplius
568 1362 637 1405 uon
662 1340 805 1415 dubitet.
842 1343 909 1410 sive
932 1342 1011 1407 haec
1037 1345 1082 1409 eit
1105 1348 1216 1414 malae
1236 1353 1270 1414 re·

238 1432 398 1520 suspicio,
416 1430 482 1494 sive
496 1428 639 1493 veritatis
655 1434 835 1512 persuasio.
889 1428 947 1493 Est
961 1428 1061 1527 igitur
1075 1432 1155 1496 siae
1171 1433 1268 1503 diablo.

239 1520 334 1583 sicuti
366 1514 480 1580 Graeci
510 1515 583 1586 ἴσως
614 1521 783 1598 usurpant.
829 1512 911 1578 Vide
932 1512 1108 1581 Heindorf.
1135 1518 1180 1581 ad
1202 1520 1267 1583 Plal.

238 1602 377 1669 Phaedr.
398 1605 452 1665 20.
474 1597 559 1661 etad
576 1597 689 1659 Horat.
707 1598 774 1661 Sat.
794 1603 821 1675 1,
837 1603 868 1679 6,
883 1600 935 1664 98.
955 1600 1007 1663 eui
1029 1608 1161 1672 temere
1184 1604 1267 1669 oblo-

207 1747 215 1759 ,
240 1699 359 1775 quutus
374 1696 424 1749 est
437 1680 617 1766 Herzogius
632 1680 671 1743 ad
688 1683 777 1744 Caes.
791 1678 828 1746 B.
845 1682 921 1770 gall.
942 1707 976 1771 p.
993 1686 1068 1750 184.

339 1805 451 1857 Terent.
465 1799 567 1852 Heaut.
582 1797 608 1863 4,
628 1796 653 1863 6,
677 1796 720 1851 2⁰.
738 1786 808 1852 laidis
816 1804 935 1866 fortasse
950 1820 999 1856 ote.
1034 1822 1077 1859 sn.
1112 1804 1181 1877 Ipso
1196 1826 1223 1862 re
1234 1826 1265 1861 es

300 1888 427 1959 perluere.
453 1883 510 1937 cte.
526 1882 608 1934 Tusa
625 1881 707 1948 &22
725 1882 767 1937 53.
789 1885 818 1936 lu‘
831 1893 956 1955 poterant
970 1904 1056 1941 emm
1070 1893 1170 1944 eodem
1184 1894 1265 1945 iltndt

302 1968 489 2023 Andromacha
499 1960 653 2036 deplorare:
675 1968 739 2020 ltaee
751 1969 839 2022 amaia
853 1970 924 2022 vidi:
942 1970 987 2024 sed
1002 1972 1057 2024 iam
1072 1974 1264 2042 deploraverant

296 2057 422 2121 sortasse.
464 2052 505 2103 Eo
526 2051 595 2103 enim
615 2050 802 2117 crustosius,
828 2055 963 2120 oratioue,
988 2052 1061 2109 enini
1082 2060 1187 2126 reliquo
1208 2067 1263 2112 noa

301 2145 326 2191 et
341 2144 427 2202 statu,
451 2142 482 2187 ut
495 2151 538 2187 eos
553 2134 669 2204 Aegisos
685 2143 733 2189 sut
747 2136 880 2206 Sicyonios
894 2138 998 2192 diceres.

335 2238 447 2294 Terent.
461 2239 531 2289 Hes.
545 2235 570 2300 4,
587 2236 612 2301 1,
625 2234 670 2290 35.
688 2237 788 2289 audisti
809 2254 840 2291 ea
857 2238 945 2309 aliqua
959 2243 1095 2308 sortasse,
1121 2247 1171 2315 qut
1185 2248 1261 2300 oldest

302 2341 360 2377 eum
383 2324 486 2376 diceret.
525 2320 636 2372 Phorm.
652 2319 679 2385 1,
693 2320 720 2387 2,
735 2318 777 2374 95.
805 2338 858 2374 aon
878 2325 988 2377 multum
1010 2326 1103 2393 labet,
1132 2333 1202 2398 quod
1221 2332 1259 2393 det,

296 2412 422 2475 sortasse.
455 2406 545 2458 Plaut.
568 2405 641 2456 Phil.
667 2404 692 2471 2,
715 2404 741 2470 3,
765 2406 806 2459 10.
835 2408 916 2459 neseis
932 2414 961 2460 tn
978 2410 1115 2476 fortasse,
1139 2417 1212 2484 apud
1226 2432 1259 2465 au

295 2493 403 2559 secians
417 2492 484 2559 quod
506 2497 597 2542 notam
618 2495 656 2541 est
679 2507 779 2541 novom.
814 2492 911 2544 Horat.
931 2492 991 2560 Sat.
1011 2494 1036 2558 1,
1052 2494 1078 2560 6,
1097 2496 1144 2550 ut.
1173 2502 1257 2551 deneas

299 2577 395 2628 indicio
413 2575 504 2643 uulgi,
522 2591 602 2625 susus
615 2576 732 2639 sortasse
752 2581 805 2626 tuo.

227 2670 230 2676 ’
313 2677 344 2739 4.
368 2676 417 2740 De
436 2675 544 2739 futura
560 2697 596 2739 re
610 2675 638 2737 si
659 2673 878 2740 coniecturam
898 2675 1055 2757 facimus,
1077 2683 1256 2765 particulam

208 2842 210 2849 .
226 2759 376 2850 fortasse
408 2761 573 2827 addimus.
616 2768 653 2821 ut
683 2758 863 2825 indicemus
887 2784 955 2826 non
981 2776 1183 2832 cessaturam
1204 2789 1256 2831 esse

229 2868 321 2928 rem,
347 2869 405 2910 nec
425 2847 582 2921 dubitari,
612 2847 689 2928 quin
712 2843 776 2908 liat.

225 3017 228 3023 ,
331 2968 441 3018 Terent.
450 2964 499 3016 Ad.
508 2963 532 3028 1,
543 2964 568 3027 2,
579 2962 620 3014 38.
639 2965 746 3016 dabitur
760 2983 777 3017 a
793 2983 833 3017 me
849 2973 1003 3036 argentam,
1023 2967 1086 3020 dum
1097 2972 1152 3024 erit
1163 2989 1255 3024 comme

296 3052 375 3103 dum:
402 3052 447 3102 nbi
472 3067 525 3100 nou
546 3047 611 3110 erit,
633 3051 751 3113 sortasse
776 3051 925 3102 excludetur
939 3054 1026 3117 sorus.
1066 3054 1111 3106 lbi
1133 3059 1254 3108 Donatus:

295 3143 321 3188 et
336 3136 400 3186 mire
415 3137 579 3200 sortasse
604 3132 684 3196 dicit,
710 3141 739 3185 nt
753 3140 833 3203 pater
848 3133 1011 3223 indulgensB
1033 3145 1060 3189 et
1079 3142 1188 3194 credens
1205 3141 1254 3192 nde

293 3220 425 3272 lescentem
439 3233 514 3286 posse
531 3217 609 3268 etiam
637 3219 725 3269 amari
746 3219 779 3270 ol
803 3218 905 3269 amico:
937 3236 990 3269 uon
1013 3221 1084 3272 enim
1107 3225 1253 3290 affirmant,

294 3310 324 3354 ut
353 3303 449 3354 diceret
474 3300 682 3354 excludetur
706 3306 823 3367 soros.
876 3303 954 3370 Quod
983 3322 1036 3356 uon
1072 3322 1172 3358 verum
1196 3316 1253 3374 puto.

293 3386 415 3438 Fortasse
430 3383 496 3436 dicit
511 3384 594 3436 Micio
610 3402 643 3435 ex
659 3402 738 3437 sensu
752 3403 804 3436 non
821 3385 954 3452 sollicito,
982 3405 1032 3438 nee
1051 3390 1225 3459 ambigente:
1239 3389 1254 3440 si

226 3475 228 3479 '
294 3484 346 3520 uon
362 3470 414 3520 erit
429 3470 611 3533 commodum,
627 3476 656 3520 ut
669 3476 756 3533 amet,
783 3488 832 3537 per
846 3489 876 3523 se
892 3479 966 3540 patet
989 3488 1005 3523 n
1024 3474 1125 3540 puellis
1144 3491 1206 3525 eum
1221 3491 1255 3525 ex·

296 3554 401 3603 elusum
417 3552 459 3604 iri.
494 3554 605 3605 Redde:
625 3572 701 3605 mean
716 3553 779 3604 mire
793 3555 866 3607 nicltt
878 3563 929 3625 gat
944 3556 1036 3621 dente,
1053 3558 1124 3611 wird
1136 3576 1201 3612 maa
1213 3560 1256 3610 een

222 3650 226 3658 ·
294 3639 373 3690 schoa
388 3637 430 3688 die
447 3638 534 3689 Yltlre
548 3638 736 3702 verselliessea.

311 3741 343 3803 5.
367 3739 475 3803 Crilici
499 3760 594 3817 vero,
617 3738 672 3822 qui
689 3737 855 3802 veritatem
872 3739 930 3802 hae
946 3740 1105 3826 particula
1123 3743 1255 3834 deprimi

228 3833 363 3912 putant,
398 3825 503 3912 ipsam
530 3823 693 3909 appellant
714 3823 891 3888 modestiae
915 3847 1055 3907 nomen,
1081 3851 1152 3914 quo
1178 3833 1254 3896 idem

228 3909 445 3995 significetur,
468 3909 554 3992 quod
580 3905 731 3970 formulis
751 3911 862 3973 nescio
889 3933 950 3990 un,
983 3911 1080 3975 fiatad
1102 3917 1178 3979 scio
1201 3940 1254 3981 an.-

222 3991 310 4142 ''guae
326 3993 495 4079 quomodo
513 3989 680 4067 differant,
706 3993 844 4058 indicavi
868 3995 932 4058 iam
955 3994 1058 4059 Tom.
1080 3996 1105 4060 l.
1138 4023 1174 4085 p.
1191 4006 1255 4066 318.

257 4079 280 4143 f.
304 4078 433 4145 Beierus
459 4078 500 4142 ad
529 4077 594 4161 Cio.
618 4078 684 4142 Off.
702 4084 733 4162 3,
757 4083 788 4144 2.
818 4103 852 4167 p.
878 4084 947 4146 193.
999 4082 1055 4146 Vis
1082 4089 1255 4154 sententiae
