2618 4770
474 286 734 362 nvM'rAx'ar.
1069 304 1133 368 331

92 454 252 531 ibnestae
273 436 440 518 missionis
463 453 551 541 apud
576 454 739 533 Oreliinm
767 440 802 519 a.
824 457 901 521 787.
921 448 954 522 et
975 457 1011 522 in
1030 458 1134 547 Prag-

92 540 203 601 ne'dt'o
230 537 401 627 iudiciario
425 562 460 628 p.
478 541 553 605 507.
579 550 611 605 et
631 564 666 629 p.
686 542 760 623 547,
784 546 816 605 2.
846 542 935 606 etin
967 542 1133 608 codicibus

93 620 288 715 lu'ib'nsdam
300 624 450 711 scriptis,
471 634 509 689 ut
527 638 636 693 narrat
653 628 697 691 Li¹
708 629 783 692 'sius
808 626 848 689 ad
873 627 987 693 Senec.
1003 630 1051 693 'de
1066 630 1132 694 Be-

93 704 152 771 iff.
170 708 206 808 d,
226 714 258 774 2.
287 708 321 775 ei
346 710 437 799 quod
465 713 501 776 in
524 714 666 801 antiquis
689 650 815 801 ibgibus
842 713 931 799 adeo'
950 712 1017 780 a'lia
1036 714 1134 779 v'erba

93 804 255 858 nterrecta
279 794 449 876 videntur,
481 797 516 861 id
547 799 676 863 efficere
709 822 778 863 non
831 800 946 879 eterit,
986 810 1024 863 ut
1046 798 1132 863 hane

93 880 143 943 teri
171 890 282 944 turam
297 880 449 947 inlibros
466 884 683 971 recipiamus,
722 886 788 971 q'uo
836 883 987 949 fecerunt
1001 886 1132 949 Wake-

93 962 136 1031 i'el
161 967 260 1031 usin
285 967 416 1041 Lueret.
439 974 471 1049 2,
496 974 568 1035 122.
598 981 630 1033 et
660 968 794 1036 Beierus
816 970 851 1034 in
874 972 943 1035 Cic.
971 970 1060 1034 Lael.
1080 973 1132 1036 15.

93 1050 167 1117 hum
176 1052 778 1121 mitateuotioniseontinentur'h'a'ec
793 1056 960 1122 vocabula.
984 1055 1134 1121 'Taxare

93 1138 260 1225 ratiquum
283 1132 440 1220 verbum,
472 1141 562 1226 quod
590 1142 670 1229 quin
694 1166 718 1225 a
740 1154 878 1230 engere,
904 1153 1067 1227 tangere,
1095 1151 1133 1204 ut

93 1244 207 1287 vexare
233 1246 252 1288 a
278 1224 410 1309 vehere,
446 1234 559 1293 texere
590 1251 609 1292 a
638 1239 774 1309 reo-ere,
812 1227 1014 1303 derivemus,
1048 1225 1133 1290 nihil

93 1308 226 1373 >mnino
264 1306 390 1392 obstat,
433 1313 569 1403 proprie
594 1276 755 1401 significat
786 1311 1070 1401 comprehendere
1102 1323 1135 1375 et

94 1392 402 1483 comprehendendo
430 1406 590 1479 statuere,
626 1401 842 1481 constituere,
882 1398 934 1463 vel
962 1407 999 1460 ut
1019 1395 1132 1461 Festus

94 1480 146 1562 rit',
170 1478 265 1545 finire
272 1530 290 1563 ,.
305 1482 414 1569 quoad
434 1485 523 1572 tangi
539 1484 655 1567 liceat,¹
674 1496 771 1573 atque
789 1482 1057 1571 neutralisensu,
1076 1482 1132 1568 qui

94 1588 125 1633 ax
138 1566 251 1633 media
271 1565 507 1653 significatione
523 1592 557 1635 se
575 1581 705 1652 taxare,
734 1574 769 1637 in
789 1578 824 1636 s'e
840 1566 1132 1657 compreheiidere,

94 1652 217 1717 z'n'sieb
238 1649 413 1757 besassen',
435 1656 565 1743 prodit,
593 1654 683 1720 idem
698 1655 770 1721 fere
792 1656 928 1722 denotat
944 1650 1033 1743 quod
1051 1677 1132 1718 con-

94 1750 191 1827 dere,
221 1748 272 1819 et,
306 1762 409 1825 quum
441 1741 481 1804 ad
513 1752 710 1830 potestatem
739 1743 791 1807 rei
818 1738 977 1821 refertur,
994 1744 998 1751 '
1015 1739 1132 1820 valere,

94 1824 196 1889 vorin
208 1822 381 1906 beraeam,
402 1827 530 1913 gelren.
575 1827 629 1891 Sic
646 1828 802 1892 dicuntur
816 1838 929 1892 mutat
955 1832 1003 1915 (es
1019 1826 1131 1890 wech-
1206 1823 1211 1833 ’

94 1910 171 1996 rell),
195 1922 323 1988 movet,
344 1914 469 1992 vertit,
490 1935 637 2000 augere,
654 1913 893 1999 praecipitare
919 1922 951 1976 et
973 1910 1034 1975 alia
1051 1932 1132 1974 neu-

95 1997 158 2061 rrdi
173 2018 284 2061 sensu.
313 1997 403 2082 Ergo
412 2000 517 2063 activo
534 2021 632 2063 sensu
646 2010 771 2063 taxare
786 2010 844 2078 est,
861 1999 939 2085 quid
952 1999 996 2063 sit
1013 1996 1133 2081 quidve

95 2083 255 2147 :obtineat
277 2105 347 2162 res,
375 2084 659 2171 comprehendere
684 2094 717 2147 et
742 2083 896 2164 definire,
927 2083 995 2147 den
1013 2082 1133 2147 Inanlr

95 2168 176 2233 anes
192 2167 312 2255 Dings
328 2167 739 2257 nmjussendfeststellen‚
762 2180 829 2251 aut,
851 2169 931 2255 quid
950 2169 1052 2233 valeat
1069 2191 1132 2241 res,

95 2274 282 2339 ignoscere,
317 2256 435 2340 gelren
455 2256 590 2319 dassen.-
626 2265 768 2318 tnantor
784 2256 811 2318 is
834 2265 900 2329 est,
932 2254 989 2338 qui
1009 2252 1133 2337 aliquid

95 2340 134 2405 rel
147 2341 295 2427 pretium
311 2341 445 2405 alieuius
459 2341 507 2405 rei
523 2339 703 2404 constituit.
736 2340 821 2404 Hinc
836 2338 885 2420 fir,
903 2349 939 2401 ut
950 2338 1133 2401 dumtaxat

95 2426 278 2490 reuiraliter
291 2425 464 2509 significet,
481 2437 641 2512 quantum
659 2436 798 2505 constat,
815 2422 1079 2511 quantumvalet,
1096 2422 1134 2484 in

95 2512 232 2577 vieweit
244 2533 278 2574 es
296 2509 458 2598 auctusne,
480 2508 622 2600 wiejern
635 2534 668 2575 es
679 2511 769 2598 gilo.-
792 2512 891 2598 idque
908 2518 1085 2596 usurpatur
1101 2516 1133 2571 et

95 2596 124 2660 ui
132 2597 403 2660 constituendam
416 2608 450 2662 et
463 2598 503 2662 ad
514 2597 730 2662 coercendam
739 2599 914 2663 'notionem
930 2595 1064 2659 alicuius
1073 2593 1132 2657 rei.

95 2683 118 2747 ti
134 2683 211 2769 quis
227 2704 304 2746 vero
322 2682 400 2761 hac,
431 2706 495 2771 qua
513 2684 699 2771 ingredior,
728 2683 779 2749 via
795 2704 850 2748 me
867 2683 958 2767 sequi
976 2680 1132 2757 nolucrit,

96 2778 192 2835 eneat
213 2767 312 2832 aliam
333 2771 499 2834 rationem
522 2771 617 2835 activi
638 2766 751 2845 verbi,
780 2769 942 2833 intellecta
964 2762 1134 2829 indefinita

96 2876 246 2935 seraone,
268 2854 351 2917 dum
369 2856 442 2940 qais
458 2868 576 2920 taxant:
599 2854 880 2939 quemadmodum
897 2853 1009 2915 dicunt
1027 2847 1135 2911 Latini

96 2942 212 3029 nquit,
239 2939 329 3026 qnod
352 2940 448 3015 velit,
464 2951 512 3003 eet
537 2942 653 3007 Graeci
679 2940 752 3002 ulia.
803 2940 878 3003 Vid.
900 2940 984 3019 Aug.
1011 2938 1132 2999 Grote-

96 3026 178 3092 'endi
199 3028 351 3089 Gramm.
379 3050 413 3111 p.
442 3032 513 3090 132.
567 3026 616 3091 Ad
636 3024 791 3090 crrmdem
809 3022 1026 3111 significatum
1042 3019 1133 3088 verbi

96 3114 268 3179 iumtaxat
285 3111 461 3202 utrobique
480 3111 724 3177 conveniemus.

185 3270 297 3325 Vossius
320 3277 348 3323 ct
369 3271 419 3324 alii
442 3269 648 3338 explicuerunt:
675 3270 740 3321 dnm
754 3272 861 3321 taxetur
878 3267 932 3319 hoc
955 3282 1054 3327 unum,
1080 3263 1134 3315 hoc

151 3362 209 3419 est,
236 3356 512 3409 aestimando'nnum
542 3355 621 3407 istuc.
670 3355 830 3407 Schclieruc
854 3367 986 3421 perversa
1005 3346 1134 3425 opinione

149 3442 269 3511 preteriret
284 3438 425 3493 eontracta
441 3459 500 3495 esse
519 3441 620 3493 turba:
649 3448 714 3492 tuae
728 3438 818 3491 taces?
844 3452 915 3505 qrrae
931 3450 1013 3503 queem
1027 3448 1135 3482 sensnm

147 3529 288 3590 habeant,
317 3526 389 3594 apud
404 3526 491 3593 ipsum
508 3524 579 3577 vide.
623 3525 657 3575 Vt
672 3521 869 3575 aestimationis
883 3518 1021 3573 notionem
1038 3514 1134 3583 primi-

147 3611 237 3664 tivam
252 3611 416 3674 subiiceret‚
444 3610 591 3663 Buddncus
613 3610 728 3661 rcrbnm
744 3616 838 3661 taxare
860 3622 878 3657 a
899 3618 1000 3672 graeco
1021 3598 1135 3653 τάσσειν

150 3695 305 3760 derivavit,
325 3712 378 3764 quo
393 3698 558 3759 rectorum,
587 3682 638 3746 ricc
655 3690 821 3761 significatio
839 3684 1013 3756 comprobari
1028 3689 1133 3753 potest:

146 3798 212 3833 narn
226 3768 441 3832 advertentiam
464 3781 499 3831 ad
520 3776 612 3847 τάγω,
636 3774 710 3843 aare
730 3773 858 3829 maceri
880 3772 975 3834 debet,
1000 3775 1029 3823 et
1049 3765 1134 3823 nesti·

107 3882 111 3889 ·
148 3866 237 3920 metio
249 3864 417 3934 intelligitur
431 3864 460 3916 in
477 3864 664 3929 constituendo
679 3860 797 3921 alieuius
804 3854 852 3912 'rei
867 3856 967 3926 pretio.

186 3984 305 4052 Ser-ipsit
332 3984 366 4034 dc
389 3982 442 4033 hac
465 3982 603 4051 particula
625 3982 745 4034 Eduard.
771 3975 929 4031 liusehkius
960 3973 1075 4024 Excute.
1098 3965 1134 4017 ad

152 4068 210 4121 Cic.
226 4076 296 4121 orat.
320 4069 348 4120 in
371 4068 446 4119 Tuli.
468 4068 497 4119 ia
521 4068 642 4120 hnaicch
658 4069 744 4119 litter.
766 4082 792 4133 p.
807 4060 868 4115 253.
911 4056 967 4113 Scd
989 4056 1135 4123 praeterea

151 4153 266 4221 quadiu
284 4152 442 4207 deducendo
464 4150 599 4205 uocabulo
620 4154 801 4205 venenantur
823 4148 915 4212 errat,
942 4139 1021 4213 quasi
1039 4145 1135 4191 taxare
