2618 4770
549 276 678 346 ufluv.
1077 281 1140 347 369

103 450 165 499 non
179 430 296 518 uagari
309 430 435 518 nequit,
460 429 496 494 in
513 430 688 516 permultis
704 430 785 496 locis
803 429 844 496 ab
859 433 943 501 Aldo
959 434 1048 500 stab
1066 435 1137 501 aliis

103 515 347 583 auditionibus
366 517 447 583 alneu
469 537 540 581 csso
565 538 630 604 pro
652 519 717 582 nco
738 526 772 581 st
792 517 858 583 Isau
880 520 945 583 Isau
966 522 1138 608 scriptum.

103 604 121 671 ii
132 600 228 689 quod
242 603 280 673 in
293 601 356 667 hac
371 614 409 673 n'a
424 600 584 666 iudicium
598 623 697 667 sensu
719 600 837 668 confici
856 614 985 691 potest,
1009 607 1044 671 in
1065 609 1136 691 qui·

103 687 227 755 »uadum
242 687 345 768 locis,
366 687 561 784 psaesertim
585 687 621 752 in
642 697 792 752 extremo
811 709 909 754 versu
932 701 965 754 at
983 691 1019 755 in
1039 691 1135 756 initio

103 775 287 855 autentica,
318 773 421 836 nimia
445 794 513 837 essa
537 771 666 838 videtur
688 773 737 838 vis
767 773 906 859 duplicis
936 776 1018 855 heu,
1053 777 1137 841 siout

103 859 174 951 pud
196 860 314 925 Horat.
338 858 405 923 Sat.
430 861 467 938 1,
483 861 523 939 3,
540 862 590 922 66.
615 868 646 922 at
669 860 705 924 in
728 857 864 922 Anthol.
885 858 909 922 l.
927 860 948 925 l.
998 860 1036 924 In
1066 861 1136 927 aliis

103 944 243 1033 ,ustulaa
259 943 439 1033 particulae
464 943 660 1029 geminatio,
682 944 830 1008 maxima
852 966 886 1008 sa
912 955 1015 1011 uente-
1029 969 1136 1035 spon·

103 1052 163 1113 so,
186 1029 396 1118 peculiarem·
413 1026 515 1091 habat
536 1027 708 1116 leporem,
736 1030 786 1094 uti
813 1023 880 1095 iam
930 1030 1136 1097 roukliusius

103 1116 263 1183 dTibull.
285 1137 321 1201 p.
337 1113 389 1181 94.
408 1109 662 1197 animadvertit..
681 1112 747 1177 Sed
762 1134 866 1200 quum
881 1114 1033 1180 codicum
1051 1139 1136 1182 oon-

103 1222 199 1269 aasus
220 1200 419 1289 plerumque
433 1198 654 1277 desideretur,
675 1219 727 1265 ras
749 1200 824 1286 ipsa
832 1200 980 1270 uunsbit
1001 1202 1139 1285 incauta,
1167 1200 1170 1206 ’

103 1286 187 1353 nodo
210 1309 256 1353 na
282 1296 398 1353 contra
421 1284 574 1349 codicum
598 1285 930 1350 auctoritatemnlzeu
957 1298 1140 1368 mutamus,

105 1394 147 1441 cu
163 1382 293 1439 temera
307 1380 509 1451 statuamus,
532 1369 659 1459 saepius
674 1369 826 1443 librarios
843 1371 926 1435 eheu
942 1371 977 1435 in
992 1373 1056 1436 heu
1071 1373 1137 1436 heu

103 1469 237 1541 nutasse.
261 1520 264 1525 .
280 1455 320 1521 ln
336 1453 403 1519 fine
417 1475 574 1521 versuum
589 1476 722 1542 semper
737 1456 936 1525 servandum
953 1480 1022 1522 csso
1044 1456 1136 1527 vide-

103 1566 138 1611 ar
152 1544 251 1617 elnam
296 1540 554 1627 Oudendorpius
572 1539 850 1627 advApulci.,Met.
864 1565 898 1629 p.
913 1542 987 1615 638.
1003 1543 1084 1612 adeo
1101 1544 1138 1607 in

103 1622 236 1719 'agando
250 1627 416 1779 Brooessit
424 1675 435 1708 ,
453 1636 492 1689 ut
506 1625 712 1713 geminatum·
724 1627 789 1691 Isau
802 1626 870 1695 heu,
882 1647 1016 1691 marum
1039 1632 1136 1692 com*

103 1726 237 1814 sentum
266 1712 466 1810 'brarionum
482 1733 551 1776 csse
575 1720 740 1780 censurat:
763 1711 855 1798 quod
881 1713 1036 1799 equidem
1055 1735 1136 1801 pao·
1190 1736 1201 1763 ·-

103 1812 236 1867 unuare
249 1820 319 1863 non
333 1820 450 1863 ausam.

163 1884 333 1951 Bentleius
350 1882 391 1948 ad
408 1881 560 1946 Terentii
575 1878 712 1945 Phorm.
730 1886 760 1963 1,
774 1881 806 1961 4,
827 1885 878 1949 10.
898 1881 1068 1965 observat,
1090 1880 1139 1949 ibi

103 1972 186 2051 laetu,
207 1981 247 2037 ut
261 1969 360 2049 alias,
383 1965 642 2058 monosyllabon
660 1988 738 2031 esse.
1067 1968 1071 1973 ’

188 2091 233 2145 ct.
251 2089 362 2145 Pierius
378 2096 407 2143 at
421 2089 577 2146 Burmann.
586 2085 622 2139 ad
636 2083 735 2153 Virgil.
752 2086 812 2138 Eoi.
825 2086 859 2153 2,
872 2084 916 2141 58.
934 2093 962 2142 at
977 2088 1012 2141 usl
1026 2088 1137 2142 Patron.

143 2174 197 2231 34.
212 2176 310 2229 Bnrm.
332 2173 395 2226 Sec.
417 2173 453 2225 ad
467 2171 577 2225 Anthol.
595 2169 629 2221 T.
646 2169 671 2221 1.
692 2169 796 2238 natu.
814 2171 849 2225 Τ.
863 2171 889 2224 2.
910 2190 937 2240 p.
952 2170 1013 2225 528.
1032 2171 1068 2224 ad
1081 2172 1136 2224 Lo-

149 2248 221 2315 tiala.
245 2278 275 2329 p.
296 2254 355 2310 aut.
400 2256 482 2324 cinq.
508 2259 536 2309 ct
557 2252 607 2311 alii
623 2253 658 2312 ud
671 2254 770 2306 Horat.
787 2253 873 2322 Epod.
889 2252 941 2319 15,
954 2253 998 2307 23.
1028 2253 1137 2313 (lortius

150 2344 190 2399 aa
204 2344 274 2397 Sall.
291 2342 353 2412 lug.
369 2341 420 2407 14,
437 2341 463 2394 9.
493 2340 517 2393 1.
532 2340 570 2392 Η.
590 2337 700 2394 Vossius
716 2337 753 2390 ati
763 2337 846 2415 virg.
857 2339 917 2391 Ecl.
932 2338 966 2402 2,
980 2334 1025 2394 ffi.
1041 2336 1136 2406 sung.

151 2428 190 2483 ιι1
207 2427 310 2482 catula
327 2445 355 2495 p.
371 2425 431 2479 283.
467 2422 672 2479 Broukhusium
695 2420 819 2490 sequitur
840 2420 1082 2475 Dmkanborclsius
1101 2420 1138 2473 ad

148 2511 205 2575 sit
228 2512 291 2567 lul.
313 2510 364 2576 11,
382 2509 444 2562 212.
479 2509 612 2576 huncquo-
628 2506 763 2560 Waborus
787 2506 823 2560 ad
852 2506 930 2561 Pars.
959 2503 993 2570 5,
1015 2502 1079 2563 137.Ι
1110 2508 1139 2557 ot

126 2618 131 2625 ·
151 2594 314 2651 Huchkius
329 2594 364 2648 ad
378 2594 483 2647 Tibull.
496 2592 523 2659 2,
539 2591 574 2659 3,
590 2592 616 2645 2.

187 2699 311 2753 Brauon
332 2696 470 2767 syllabam
491 2694 575 2748 offert
597 2694 716 2751 Terent..
732 2692 835 2747 Hesus.
856 2690 890 2757 1,
911 2691 946 2758 1,
964 2690 1007 2744 al.
1034 2706 1139 2761 quassa,

150 2783 219 2857 qnid
233 2785 265 2838 stc
280 2789 306 2841 tc
321 2784 427 2836 tautum
444 2777 585 2839 meruisti?
602 2796 634 2833 aa.
662 2781 735 2833 caca.
770 2776 824 2830 vni
839 2776 932 2829 hiatus
948 2774 977 2827 in
999 2775 1053 2825 linc
1075 2788 1139 2825 ora-

149 2868 237 2925 tionis
251 2886 306 2923 nan
320 2882 418 2919 caussa
432 2880 490 2923 csso
504 2868 611 2934 potest,
629 2866 661 2916 ut
676 2879 739 2916 cum
754 2860 882 2916 Bentlcio
896 2858 1120 2912 ciciscritsamus.

187 2972 222 3025 In
237 2977 362 3025 extremo
376 2983 459 3020 vorsu
471 2968 572 3020 Horat.
588 2964 646 3019 Sat.
659 2966 693 3030 2,
710 2962 818 3030 3,153.
837 2963 931 3032 quauta·
939 2960 1025 3031 crgo?
1046 2961 1138 3013 Octac-

149 3042 338 3111 sauua'uaea.
375 3052 431 3129 Qui
445 3052 522 3107 locus
537 3051 658 3104 conferri
674 3050 756 3103 dabat
772 3063 833 3099 cum
848 3044 939 3098 Persii
952 3043 985 3109 5,
1004 3042 1065 3095 131.
1091 3043 1139 3094 aad

151 3139 278 3211 Iuppiter
301 3137 401 3191 audiat.
425 3137 519 3201 Eiacu,
546 3136 619 3187 turo.
636 3135 685 3187 nbi
708 3131 830 3187 Orcllius
855 3148 889 3183 ox
917 3146 971 3181 uno
987 3128 1045 3180 cod.
1063 3125 1140 3179 (ladit

112 3212 122 3229 '⁸
149 3216 205 3279 toa
221 3223 281 3277 tau.
308 3223 342 3286 1,
365 3220 399 3285 3,
421 3217 464 3271 66.
497 3218 626 3272 communi
654 3236 731 3271 cansa
754 3216 838 3287 plana
870 3221 959 3277 corat,
998 3212 1138 3280 inquimus.

150 3308 248 3372 Eleu,
269 3323 348 3375 quam
378 3311 472 3359 temone
488 3302 517 3355 ia
530 3307 628 3356 nosmet
643 3296 729 3373 l'cgcs'n
744 3301 876 3354 sancimus
896 3298 1022 3366 iniquam.
1058 3293 1141 3368 ovid.-

140 3390 220 3448 'nist
235 3390 270 3455 3,
281 3387 342 3442 495.
362 3389 461 3458 quatias
478 3403 546 3456 puer
560 3386 716 3440 miserabilis
732 3388 810 3438 Elacu
824 3384 943 3445 dixerut,
961 3382 1024 3431 lacac
1038 3379 1139 3432 resonis

150 3476 273 3531 itcrolat
285 3473 393 3526 uocibus
410 3474 495 3524 Eitea.
513 3470 563 3523 ubi
579 3471 722 3540 Gicrigins
739 3470 804 3538 quia
825 3483 879 3521 non
900 3465 992 3519 statim
1010 3463 1138 3528 correxit,

149 3558 259 3613 {dcirco
284 3557 464 3625 aeprehensns
488 3559 529 3608 cst
550 3571 567 3610 a
590 3554 717 3607 Krousis.
750 3553 812 3606 'Sil
835 3550 900 3605 Ital.
922 3550 972 3614 l‘l,
994 3548 1054 3600 212.
1078 3553 1139 3617 past

152 3642 297 3707 rutum,
316 3648 378 3711 post
389 3640 553 3693 Flaminium
569 3640 762 3709 componimur,
787 3637 861 3689 enea.

188 3742 337 3814 Inscriptio
361 3741 522 3811 sepulcralis
544 3741 618 3812 apud
642 3742 728 3796 0roll.
746 3759 772 3794 n.
793 3738 870 3793 2212.
901 3739 980 3800 alasa,
1000 3736 1065 3803 hau,
1086 3735 1139 3786 Τα-

151 3828 241 3895 raui,
262 3834 293 3881 at
315 3829 408 3882 acaria
432 3845 459 3880 cs
482 3826 586 3881 accitas
605 3828 680 3893 sato.
723 3824 787 3880 Alia
810 3823 839 3876 in
860 3818 1138 3883 nau01.a‚1ul,u.

151 3915 197 3969 ula·
211 3912 368 3969 conlibertus
379 3910 438 3978 suit
452 3910 551 3977 cistam,
569 3926 620 3980 cuo
635 3926 727 3977 turco,
744 3912 817 3965 chau.

170 4016 206 4083 5.
226 4014 335 4100 „Hau
359 4012 505 4080 daucum
515 4061 527 4094 ,
549 3998 786 4097 accusativum,
806 4009 858 4076 vel
874 4008 1058 4078 vocativum
1081 4002 1140 4066 ad-

103 4102 219 4173 suana
242 4101 324 4170 eheu
338 4122 408 4167 non
423 4099 488 4167 nisi
500 4096 717 4167 accusativum
732 4094 843 4164 habet.
853 4099 874 4134 “
916 4089 1090 4161 Noitenius
1105 4089 1141 4154 in
