2664 4756
508 274 631 344 FERE.
673 274 831 389 neuun.
1118 285 1180 351 6⁹1

138 433 244 502 medo
268 442 317 498 est
329 429 485 517 ¹effictum
503 441 598 517 atque
622 438 773 518 graecum
790 432 905 517 φέρειν.4
943 434 1023 501 Inde
1039 435 1184 502 duorum

139 522 264 586 fiebant
287 517 420 583 formae
436 517 611 581 nominum
624 514 760 604 serum,
793 528 824 582 et
839 518 1008 609 semum,
1038 544 1182 608 quorum

88 630 93 663 r
141 605 224 672 illud
241 603 432 692 primariam
450 603 621 666 notionem
644 602 791 665 servabat
810 613 911 689 atque·
921 603 954 668 id
969 606 1180 690 significabat,

140 691 234 778 quod
251 689 317 754 fert
335 699 391 752 aut
409 687 532 751 fertura
556 688 654 772 idque
669 687 708 750 ad
725 687 886 758 feritatem
904 690 1180 757 denominandam

88 808 90 817 a
123 777 324 841 'curatione
341 772 569 853 adhibebatur,
598 792 661 856 qua
680 772 919 837 Germanorum
936 775 1079 842 wildex
1100 776 1180 842 wit-
1271 782 1276 791 ¹

139 884 233 936 seca,
251 859 339 946 quod
354 868 401 922 est
416 858 558 937 volvere,
579 856 704 921 facturn
721 867 779 920 est.
821 857 930 922 Altera
946 871 1054 925 autem
1068 860 1181 928 forma

130 946 286 1035 formum
315 941 474 1029 significat
516 941 627 1028 roprie
643 941 687 1016 id,
713 940 807 1029 quod
822 943 862 1007 ad
877 953 1061 1009 extremum
1075 968 1181 1033 usque

138 1031 207 1097 fert
229 1029 280 1095 vel
302 1027 419 1093 fertur.
469 966 554 1092 Nllm
575 1024 655 1090 haec
682 1038 729 1090 est
760 1026 807 1091 vis
837 1029 1076 1093 terminationis
1105 1055 1180 1096 mas

139 1111 177 1182 et'
189 1117 223 1180 in
237 1113 453 1200 superlativis,
477 1124 509 1176 et
527 1113 561 1175 in
577 1111 739 1175 vocabulis
744 1108 956 1198 finitimum,
977 1113 1181 1200 legitimum,

139 1200 211 1266 eliis
234 1200 421 1283 conspicua.
465 1198 555 1262 Tum
576 1218 652 1260 vero
668 1195 821 1286 sormam
844 1198 1010 1263 dicebatur
1023 1195 1181 1285 firmum,
1288 1258 1292 1265 .

138 1285 233 1374 quod
249 1283 368 1362 estid,
389 1283 479 1370 quod
503 1281 543 1346 ad
567 1291 751 1344 extremum
767 1303 868 1369 usque
914 1282 1085 1348 erductum
1102 1307 1181 1371 per*

139 1381 208 1434 stat
231 1379 286 1433 aut
309 1362 506 1432 continetur.
556 1366 681 1430 Ferme
703 1367 821 1451 igitur,
857 1308 1012 1433 ablativus
1035 1371 1181 1436 nominis

129 1453 287 1544 sermea,
309 1453 343 1517 id
354 1454 449 1538 quod
461 1453 562 1539 longa
578 1451 703 1538 syllaba
726 1463 873 1517 extrema
890 1464 1072 1533 monstrat,
1096 1454 1180 1520 ‹lici-

141 1551 199 1603 tur
223 1539 323 1602 dere
349 1548 504 1624 promota
523 1535 574 1601 vel
598 1537 772 1623 perducta:
803 1548 900 1623 atque
920 1538 1000 1610 haec
1021 1539 1116 1603 notio
1138 1540 1181 1605 ad
1259 1578 1261 1581 ·

141 1623 309 1709 duplicem
326 1645 437 1687 rerum
454 1622 591 1685 modum
610 1621 757 1687 adhiberi
772 1633 899 1709 potest,
926 1635 963 1687 ut
980 1622 1181 1708 significetur

140 1720 176 1774 et
189 1730 241 1772 res
257 1728 358 1793 usque
375 1717 550 1795 promota,
577 1716 610 1770 et
624 1707 676 1785 id,
695 1708 788 1793 quod
806 1708 845 1771 ad
869 1708 989 1794 aliquid
1005 1709 1180 1795 perfertur¹

140 1803 177 1860 et
201 1793 345 1858 accedit..
386 1790 470 1857 Illud
493 1792 561 1856 aliis
583 1791 688 1867 verbis
708 1803 774 1874 est,
795 1795 950 1877 penitus,
973 1793 1089 1874 valde,
1114 1793 1180 1859 hoo

137 1902 245 1967 perae,
256 1900 375 1965 prope.
412 1877 479 1943 Sed
493 1874 622 1964 ferme,
645 1876 753 1962 quod,
773 1874 822 1941 uti
842 1880 946 1943 Varro
968 1889 999 1942 et
1014 1877 1180 1945 Charisius

141 1964 282 2047 doceat,
320 1963 445 2050 antiqui
471 1961 647 2048 scriptores
674 1962 893 2048 usurpabant,
933 1973 1052 2050 postea
1076 1970 1180 2050 qu'um

130 2047 268 2200 permar
292 2048 521 2124 obsolevisset,
551 2043 671 2109 omissa
692 2045 800 2109 littera
823 2069 875 2128 m,
902 2045 1000 2113 fiebat
1020 2043 1111 2124 lere.-
1142 2070 1180 2114 ea

154 2137 249 2199 ittera
265 2135 352 2198 enim
368 2140 442 2195 non'
454 2131 573 2194 inserta
589 2140 637 2192 est
651 2129 867 2210 extrinsecus,
899 2133 1179 2218 quemadmodum

141 2220 259 2282 Vossio
281 2216 468 2291 videbatur,
505 2211 561 2278 sed
585 2212 726 2295 abiecta,
760 2214 858 2279 veluti
888 2218 922 2279 in
945 2215 1024 2304 rupi
1046 2223 1078 2281 ct
1098 2219 1179 2284 aliis.

140 2305 249 2387 Atque
271 2301 304 2364 id
331 2323 369 2365 eo
391 2298 517 2364 facilius
541 2297 626 2363 effici
642 2308 785 2384 poterat,
821 2296 909 2387 quod
930 2301 990 2368 hac
1014 2304 1063 2366 via
1079 2323 1179 2367 voca-

111 2442 115 2447 .
140 2387 258 2450 bulum
281 2386 322 2449 ad
344 2406 437 2450 suam
460 2384 621 2472 originem
642 2380 889 2466 reducebatur,
907 2391 994 2472 quasi
1020 2405 1061 2450 ex
1075 2378 1178 2474 servas

140 2470 268 2539 factum
291 2478 384 2535 esset.
426 2467 515 2555 Ergo
522 2468 635 2560 ferme
650 2480 682 2533 et
695 2469 765 2555 fere
781 2493 850 2534 non
866 2472 989 2537 diversa
1008 2472 1178 2557 vocabula,

139 2558 198 2621 sed
226 2558 303 2622 duas
334 2555 459 2621 formas
493 2558 587 2623 unius
617 2551 707 2641 verbi
736 2553 1008 2644 nuncupabimus.
1063 2551 1179 2644 Neque

138 2642 247 2706 allum
263 2643 425 2729 reperitur
438 2638 682 2725 significationis
702 2649 822 2727 genus,
848 2643 938 2729 quod
955 2664 1023 2706 non
1045 2644 1178 2729 utrique
1254 2695 1258 2703 .

137 2726 270 2793 formae
291 2727 377 2814 apud
403 2728 554 2810 antiquos
571 2727 749 2813 scriptores
772 2728 962 2806 conveniat,
983 2726 1178 2817 necser‘me,

136 2824 176 2878 ut
197 2814 331 2900 quidam
368 2813 565 2899 opinantur,
601 2809 747 2898 praestat
766 2812 893 2879 maiori
926 2813 965 2876 vi.
1013 2812 1053 2876 ln
1082 2812 1177 2877 libris

139 2900 202 2960 scri
227 2900 268 2963 tis
301 2897 421 2985 ubique
439 2897 523 2986 ¹scre
549 2906 581 2961 et
598 2893 679 2984 sc‘i’e
701 2894 836 2962 consum
856 2906 950 2964 sunt:
989 2897 1029 2962 dc
1053 2919 1117 2984 qua
1140 2921 1178 2964 re

137 2922 309 3047 Dialeon.
326 2985 368 3048 ad
382 2983 453 3048 Liv.
466 2987 520 3064 87,
536 2985 589 3062 88,
602 2982 635 3049 ὅ.
731 3008 735 3015 ·

223 3108 309 3173 Haec
331 3131 448 3195 quum·
465 3129 508 3172 ex
536 3107 608 3195 ipsa
632 3104 727 3195 verbi,
746 3116 862 3175 natura
884 3109 1068 3199 prodeunt,
1102 3119 1196 3174 tum-

141 3193 291 3281 analogia
312 3195 503 3259 mirabiliter
527 3213 672 3280 congrua
704 3192 941 3261 confirmantur
971 3195 1175 3281 germanicae

138 3278 280 3364 linguae.
324 3276 363 3342 In
384 3278 443 3343 h'ac
466 3279 554 3343 enim
579 3278 749 3364 antiquum
772 3290 840 3345 erat
858 3279 1054 3345 vocabulum
1071 3291 1176 3359 caste,

140 3362 182 3428 ab
199 3362 355 3427 adiectivo
372 3375 456 3428 reste
472 3362 607 3437 factum,
624 3360 750 3449 quodsi
774 3354 1041 3452 nificabatflrme.
1083 3365 1175 3441 Tum

139 3470 219 3513 vero
235 3472 252 3512 a
271 3447 398 3512 saeculo
413 3447 510 3514 tertio
535 3448 662 3515 decimo
685 3389 850 3514 dicelatur
871 3472 935 3537 pro
957 3449 1064 3517 valde.
1108 3446 1174 3514 Sed

139 3545 291 3622 tempus,
317 3556 381 3620 quo
389 3530 485 3620 sust,
507 3532 651 3620 primum
675 3535 709 3598 in
724 3528 968 3621 comparatione
982 3536 1173 3615 restrictiva,

140 3618 257 3685 deinde
273 3619 370 3683 etiam
392 3639 453 3705 pro
470 3615 608 3684 deicolae
626 3619 665 3684 de
682 3636 716 3683 re
757 3620 870 3707 ropius
887 3619 1057 3686 accedente
1073 3641 1173 3685 usur-³

136 3705 211 3806 pari
238 3705 361 3791 coepit,
389 3705 553 3779 recentius,
575 3714 623 3768 est
644 3643 762 3771 saeculi
776 3705 905 3795 septimi
920 3704 1049 3769 decimi.
1092 3696 1171 3786 Quo

137 3788 332 3875 rutelligitur
346 3788 521 3854 notionum
539 3787 700 3874 cognatio.

221 3917 392 3981 Praetereo
415 3914 650 4001 explicationes·
671 3939 688 3980 a
711 3918 791 3982 viris
811 3914 916 3980 doctis
941 3915 1025 3979 male
1048 3907 1169 3978 factast

139 3999 197 4063 sed
220 4023 325 4066 unum
348 4003 484 4066 nomino
501 4001 720 4086 Heraogium,
742 4002 798 4088 qui
821 4025 838 4064 a
861 4001 971 4064 multis
992 4001 1027 4063 in
1050 3998 1111 4062 hac
1132 4022 1170 4063 re

138 4083 301 4156 laudatur.
354 4085 531 4156 Contendit
551 4085 639 4152 enim
668 4085 723 4154 ille
747 4089 781 4153 in
802 4087 891 4236 qqtip
911 4087 951 4153 ad
976 4088 1066 4154 Gaas.
1089 4082 1170 4151 Bell.
1227 4142 1233 4153 .
