2618 4770
577 278 742 349 nonno.
909 278 913 372 j
1116 290 1179 357 soi

207 434 509 524 '‘ltu-Pomponius
530 433 637 517 Melo,
675 436 759 501 sicut
782 432 862 502 lecit
885 434 920 500 in
940 435 1010 503 aliis
1029 443 1180 510 nomini.

132 526 208 609 bue,
242 544 336 613 quoe·
358 522 523 609 temporis
551 522 717 587 rationem
751 524 961 610 exprimunt,
994 527 1093 591 etiam
1116 530 1178 595 din

138 615 175 682 nl
192 616 350 681 locorum
374 608 522 695 spatium
539 616 573 672 et
594 607 840 696 longitudinem
861 609 985 673 retulit.

230 730 259 799 ²i
275 728 303 796 4,
319 729 345 782 1.
364 726 448 782 ltalia
463 754 499 768 -
517 728 587 781 teter
601 741 724 799 creperum
734 746 809 781 mare
833 736 858 782 et
877 727 993 796 inserunt
1007 734 1121 790 excurrit
1133 739 1180 792 dio

193 816 291 897 perlida.
325 808 352 880 1,
370 812 397 879 2,
416 813 442 867 3.
460 815 580 882 spectant
598 813 668 865 enim
689 814 770 866 etiam
794 814 930 868 meridiem
954 816 1029 884 tuat,
1055 838 1180 891 oramque

198 899 280 956 tauta
294 898 379 951 moris
398 925 433 936 -
455 898 503 953 din
522 894 653 951 continuis
673 896 800 967 gentibus
817 907 953 969 occupant.
988 900 1014 967 1,
1029 901 1055 967 3,
1069 902 1095 957 5.
1113 907 1182 959 boec

174 980 180 993 '
198 986 226 1038 a
238 984 415 1047 occidentem,
439 976 535 1051 (linque
552 984 633 1038 etiam
647 982 685 1039 od
700 983 909 1068 septemtrionem
924 984 1033 1040 diceros
1041 990 1181 1055 frontibus

200 1068 296 1139 vergit.

311 1372 316 1382 ⁸
364 1349 376 1365 ,
524 1239 777 1395 nonno.

214 1498 250 1575 ln
280 1512 437 1601 tempore
460 1525 564 1599 quum
591 1504 785 1578 observetur
811 1501 869 1592 id,
907 1511 1000 1599 quoq
1020 1512 1118 1578 simul
1142 1506 1181 1578 lit

152 1606 399 1685 tuo-tempore,
439 1599 529 1663 et-id
557 1596 648 1685 quod
672 1597 909 1685 consequitur„
944 1609 1054 1685 potest
1081 1601 1180 1664 etiam
1240 1661 1243 1665 ,

149 1682 274 1769 ¹spatium
290 1685 454 1772 temporis
471 1684 582 1748 animo
608 1685 754 1772 concipi,
784 1682 876 1769 quod
901 1681 1058 1749 duceres
1081 1686 1180 1749 simul

150 1772 351 1853 percurrunt,
370 1780 400 1835 et
421 1773 454 1833 in
478 1773 568 1835 ouius
584 1770 728 1834 termino
744 1768 846 1833 altera
859 1789 910 1832 res
926 1770 1062 1835 alteram
1079 1771 1181 1835 attin·

150 1850 226 1935 gttet
244 1855 380 1941 excipit.
425 1856 517 1920 Hanc
543 1866 610 1920 tem
639 1857 707 1920 oris
733 1853 982 1919 continuitatem
1005 1864 1039 1919 et
1062 1857 1181 1920 termi-

149 1938 301 2003 nationem
326 1940 432 2005 Latini
460 1942 567 2006 verbis
592 1878 674 2004 ultim
697 1947 729 2006 et
753 1935 860 2005 donec
883 1934 1074 2028 designant,
1091 1962 1182 2028 ¹quoe

149 2042 191 2087 tua
204 2025 332 2090 ratione
348 2026 503 2092 differunt
528 2051 545 2092 a
569 2048 688 2114 quum,
711 2027 801 2112 qnod
819 2030 979 2113 temporie
997 2025 1182 2091 definitioni
1200 2088 1204 2097 ,
1229 2044 1237 2053 “

149 2128 177 2173 eo
190 2110 292 2189 modo
309 2112 464 2194 inservit,
485 2120 523 2178 ut
539 2113 618 2177 duas
636 2133 688 2175 res
707 2112 840 2177 interno
866 2110 1010 2205 quodam
1034 2132 1122 2178 nexu
1145 2114 1183 2177 in

148 2201 282 2295 tempore
308 2197 519 2264 cohaerentes
542 2196 713 2285 significet.
765 2195 860 2260 Dum
885 2207 994 2261 autern
1019 2208 1051 2260 et
1075 2198 1188 2262 donec·

147 2276 278 2349 teneant
294 2277 374 2347 duas
398 2306 544 2351 resnou
570 2283 633 2347 nisi
655 2282 758 2370 ipsius
779 2284 940 2379 temporis
963 2284 1183 2370 perpetuitate
1279 2350 1282 2355 ,

146 2362 307 2456 coniungi,
346 2369 413 2434 eive
444 2369 541 2434 simul
565 2369 777 2447 exsistentes,
818 2388 884 2432 sive
910 2390 944 2431 se
969 2370 1181 2454 excipientes.
1292 2390 1306 2397 ··

145 2446 289 2519 Germani
304 2452 338 2519 id
355 2455 468 2521 dicunt
484 2479 521 2520 so
537 2455 643 2541 lange
659 2452 731 2534 ale,
757 2454 847 2540 quod
864 2463 1030 2518 contracta
1045 2455 1182 2519 notione

143 2546 180 2611 nt
195 2538 382 2619 wulfferd,
410 2555 442 2605 et
465 2565 502 2604 eo
524 2541 630 2628 lunge
655 2538 717 2603 tie.
769 2538 835 2605 Sed
859 2540 965 2605 don-ec
990 2538 1056 2602 hoc
1082 2540 1183 2605 habet

140 2642 192 2709 pro
217 2626 344 2705 rinus,¹
365 2636 404 2691 ut
434 2649 566 2713 semper
595 2637 727 2713 tempus
755 2625 796 2689 ad
827 2626 971 2712 aliquem
1000 2627 1183 2691 terminum

138 2648 334 2795 prestetum
356 2712 568 2800 intelligatur.
610 2710 706 2775 Dum
729 2732 797 2779 non
822 2712 925 2776 modo
946 2722 1077 2796 tempus
1095 2712 1183 2775 inter

138 2797 292 2861 terminos
327 2798 540 2881 conclusum,
584 2797 643 2862 sed
672 2798 771 2862 etiam
798 2796 910 2885 ipsum
932 2798 1097 2885 temporis
1122 2796 1184 2860 de·

136 2901 265 2948 tursum
281 2893 388 2949 notat.
437 2948 440 2953 ,

210 3001 309 3069 Dum
326 3003 513 3070 formatum
531 3027 600 3070 esse
617 3002 700 3069 mihi
724 3004 854 3071 videtur
877 3002 941 3082 ita,
968 3015 1006 3070 ut
1020 3000 1185 3069 indefiniti

130 3086 292 3177 temporis
309 3092 405 3178 signo
421 3115 480 3154 nm
496 3090 731 3179 praefigeretur
747 3091 809 3156 de.-
841 3089 930 3177 unde
945 3089 1041 3155 notio
1061 3090 1186 3154 exstitit

129 3176 293 3263 temporis
316 3198 358 3240 ex
382 3177 493 3263 aliquo
513 3189 636 3264 puncto
656 3175 870 3241 decurrentis'.
912 3175 997 3241 Huic
1022 3174 1182 3240 vocabulo

129 3260 346 3325 adiiciebotur
370 3263 410 3326 ad
433 3264 616 3327 terminum
639 3263 878 3350 designandum
903 3280 921 3323 c
946 3263 1185 3327 demonstrati-

128 3366 228 3423 vum,
259 3340 302 3411 de
324 3370 390 3435 quo
415 3371 450 3435 p.
468 3353 499 3413 8.
539 3350 625 3413 dixi:
667 3352 753 3412 sicut
774 3347 968 3413 factumest
989 3350 1025 3412 in
1044 3358 1185 3425 ntrnpet

127 3441 221 3497 tuuc.
265 3438 374 3519 Atque
400 3433 466 3498 hoc
491 3434 582 3498 duim
605 3435 648 3497 ob
668 3433 861 3498 mutabilem
884 3433 1032 3498 vocalem
1051 3433 1187 3496 transiit

126 3516 163 3579 in
189 3516 339 3591 ‹tone-et
362 3519 487 3601 dorice,
524 3520 614 3605 quod
645 3520 769 3604 vulgari
788 3521 1060 3606 pronuntiatione
1086 3520 1184 3582 etiam

126 3600 274 3679 doecre,
289 3614 335 3669 ut
346 3628 488 3685 astitere,
505 3607 603 3683 sicce,
622 3625 682 3669 son
712 3608 783 3683 sse,
806 3616 838 3669 et
856 3604 1007 3692 donoque
1023 3604 1186 3690 scriptum
1239 3608 1255 3671 '.

127 3708 199 3753 esee
220 3688 352 3754 videtur
360 3740 369 3770 ‚
392 3692 488 3755 sicuti
511 3692 665 3777 antiquae
687 3629 868 3779 fflriptnrae
892 3691 1012 3765 danic,
1041 3689 1187 3775 donique

128 3783 273 3849 exstant.
317 3777 488 3841 Primitiva
510 3774 612 3863 igitur
638 3779 818 3864 particulae
833 3776 1027 3862 significatio
1045 3784 1112 3839 ests
1146 3777 1187 3838 ab

126 3856 241 3948 aliquo
255 3863 421 3957 temporis
439 3872 615 3926 momento
630 3884 737 3951 usque
753 3862 794 3927 od
811 3874 940 3929 certum
955 3862 1149 3927 terminum.

233 3980 293 4033 Atti
306 3987 383 4048 eunt,
409 3981 457 4051 qui
472 3985 535 4034 dnm
556 3999 573 4034 n
588 3975 643 4051 δήν
660 3982 805 4039 totamm
839 3978 897 4037 Atti
911 3982 1055 4052 antiquum
1069 3983 1187 4035 verbum

197 4064 316 4118 latinum
329 4066 436 4120 cervari
459 4067 555 4121 dicunt
574 4064 603 4118 in
620 4066 765 4149 Gallorum
781 4064 912 4137 (torques,¹
935 4061 1002 4125 donc
1018 4072 1046 4121 et
1060 4065 1089 4118 in
1101 4065 1188 4118 Italo-

169 4168 173 4179 ·
198 4162 268 4215 rum,
283 4152 399 4222 dnnqrm
456 4152 552 4223 Neque
576 4168 630 4220 ego
654 4151 683 4204 irl
706 4168 856 4223 negarem,
881 4150 1029 4206 nierltnec
1051 4150 1188 4205 vocabula

826 4240 896 4299 19*
