2618 4770
206 294 272 361 eee
690 275 762 345 EX·

194 478 198 485 .
276 435 674 521 „mquam
729 424 1132 497 recursantium&
1165 444 1261 484 aues

276 527 645 601 Waapaaaasapaan.

288 649 349 710 98.
368 639 454 704 noct
468 635 605 701 notione
619 656 672 701 res
695 604 839 721 agendae
860 627 1217 718 comprehenduntur,
1238 642 1264 696 et

69 710 73 719 ¹
107 767 110 770 ·
212 730 303 799 exire
320 728 475 791 dicuntur
497 723 595 786 etiarn
613 744 668 801 ea,
691 740 773 805 quae
791 729 921 781 tantum
939 715 1092 809 videntur
1115 714 1263 781 alicunde

214 816 315 895 exire,
328 809 487 895 dulnipsa
498 816 668 896 apparent,
680 815 712 868 et
723 814 852 892 agentes
862 803 894 865 in
903 801 979 865 loco
988 813 1144 867 manent.
1164 803 1266 883 Quare

213 902 277 967 hae
301 893 550 998 praepositione
574 893 762 978 designatur
785 899 890 970 astro,
918 908 1001 973 quae
1017 886 1179 952 alicunde
1194 910 1266 974 pro·

211 974 381 1051 ficiscitur*
398 987 453 1043 aut
475 979 508 1042 in
541 980 649 1064 aliqua
667 998 703 1039 re
726 972 980 1039 tundamentum
1012 984 1115 1060 atque
1143 974 1267 1039 initium

162 1106 165 1111 ⁴
213 1068 326 1136 habet.
368 1063 412 1128 ’16
435 1085 512 1128 vcro
535 1085 632 1151 saepe
657 1082 725 1125 non
759 1060 851 1124 locus
877 1067 944 1137 est,
978 1057 1035 1123 sed
1061 1057 1221 1124 conditio
1243 1069 1269 1123 et

215 1164 319 1221 status
335 1149 514 1237 agentium.
553 1151 599 1215 Et
617 1154 789 1235 ponuntur
807 1143 968 1208 neutralia
985 1143 1086 1209 verbu
1104 1143 1270 1223 derebus,

216 1260 303 1331 quae
317 1256 422 1327 quum
437 1233 589 1298 effectum
604 1232 767 1312 habeant,
787 1252 804 1295 e
820 1247 880 1294 suo
895 1227 971 1292 loco
989 1251 1087 1314 agere
1103 1229 1268 1294 videntur.

317 1354 426 1411 Ennius
441 1350 514 1422 apud
531 1352 588 1406 (lic.
604 1348 722 1416 Tusad,
731 1349 773 1415 19,
782 1347 825 1403 44.
843 1366 879 1402 esc
891 1348 984 1425 opibus
995 1348 1107 1401 summis
1119 1351 1269 1421 opisegem,

200 1468 203 1474 ·
287 1444 404 1504 flator,
429 1446 500 1492 tuae.
518 1436 537 1491 i.
554 1455 579 1490 e.
606 1434 794 1505 praesentibus
817 1431 914 1501 opibus
933 1432 1055 1485 summis.
1091 1430 1194 1486 Tacit.
1212 1434 1270 1486 Aur.

13 1492 18 1503 Ι
121 1550 124 1559 ·
175 1552 182 1567 =
288 1527 333 1593 18,
351 1522 396 1578 16.
421 1520 559 1591 ubiusaue
581 1520 618 1574 'ad
640 1520 730 1574 clodia
744 1535 822 1572 arma
838 1520 945 1577 noralem
961 1517 1053 1585 priore
1065 1517 1209 1584 infamia,
1234 1518 1271 1569 aed

288 1613 394 1681 integre
419 1613 556 1675 cannaque
584 1606 648 1676 egit.
682 1620 847 1674 quamquam
870 1600 899 1656 id
923 1601 979 1657 alio
1003 1600 1085 1657 modo
1116 1608 1215 1671 potest
1233 1618 1270 1654 cx-

210 1754 217 1763 „
241 1748 244 1753 ,
282 1692 399 1767 ,aare
811 1677 816 1695 ⁸
885 1759 891 1775 ἱ
970 1744 976 1759 ,
1105 1704 1122 1732 ²

189 1836 192 1843 .
266 1756 287 1801 ⁸
325 1788 530 1865 mentm,
544 1784 587 1843 ld.
604 1804 682 1860 qaum
697 1807 737 1843 rue
753 1791 867 1844 castalia
880 1792 1019 1860 speculans
1031 1807 1067 1844 es:
1083 1792 1189 1844 arbore
1197 1792 1270 1844 11111-

293 1883 340 1935 bae
352 1880 390 1933 aie
405 1878 461 1942 ait,
480 1882 579 1929 aurata
596 1875 676 1927 nisus
693 1875 731 1926 od
747 1877 910 1945 antralyra.
946 1875 1048 1928 ldnon
1066 1881 1111 1928 eet
1126 1877 1160 1929 in
1176 1878 1270 1938 arbore,

292 1963 341 2018 aad
353 1962 426 2014 inter
441 1961 569 2024 arbores,
587 1959 663 2029 quod
675 1975 724 2012 noa
739 1959 853 2012 dicimus
869 1978 918 2015 aue
931 1962 982 2015 den
995 1962 1122 2013 Rbumen
1132 1978 1188 2028 pra
1198 1960 1272 2015 uara

287 2049 337 2103 ‚die
349 2048 460 2100 Bdume.

309 2164 363 2229 24.
390 2162 434 2227 Et
452 2162 571 2227 dicitur
592 2162 708 2249 aliquis
727 2185 821 2250 agere
839 2184 881 2227 ex
902 2162 1011 2248 aliquo
1035 2161 1137 2239 laco,
1170 2161 1230 2249 qui
1244 2162 1273 2226 io

225 2250 336 2401 *iqua
360 2249 434 2315 loco
460 2250 623 2328 versatus,
659 2247 710 2314 vel
730 2249 765 2312 in
789 2245 896 2358 aliqua
921 2247 997 2312 sede
1022 2247 1211 2311 collocatus
1237 2246 1272 2312 od

166 2390 168 2397 .
227 2333 598 2421 aiumlocumagendo
622 2352 656 2397 sc
677 2333 785 2407 vertit.
827 2334 985 2398 (sermoni
1009 2333 1124 2396 dicunt
1146 2357 1211 2407 eron
1227 2355 1271 2398 wo

228 2445 312 2487 aus:
337 2421 451 2485 Graeci
467 2422 516 2484 lu:
534 2419 585 2483 vd.
602 2417 1070 2504 MatthiacGrumm.p.1132.
1097 2420 1272 2504 Explicuat

228 2506 432 2593 grammatici
460 2504 561 2570 verbo
585 2504 633 2567 ia.
663 2503 715 2567 vd.
747 2505 840 2568 Cort.
864 2506 904 2569 ad
929 2506 996 2567 Cic.
1019 2504 1126 2590 Epist.
1147 2511 1180 2584 7,
1200 2512 1228 2585 1,
1245 2509 1270 2566 3.

229 2593 385 2657 Arntzeu.
414 2588 454 2653 ad
476 2589 584 2653 Aurel.
610 2589 694 2651 Vict.
724 2613 758 2675 p.
783 2593 857 2654 510.
907 2591 1102 2654 Praesertim
1130 2612 1214 2654 vero
1238 2590 1270 2651 de

227 2675 312 2741 locis
326 2674 550 2763 superioribus
567 2684 753 2762 usurpatur.

332 2795 436 2847 Ennius
459 2795 529 2864 apud
550 2793 668 2848 ll'ouinm
692 2809 718 2846 r.
747 2776 901 2862 derepente.-
936 2793 973 2845 ibi
1002 2799 1058 2845 tum
1080 2793 1224 2863 derepente
1246 2811 1272 2844 ce

300 2882 356 2935 ulto
373 2881 401 2932 in
421 2881 503 2932 altum
520 2881 634 2947 desperit
651 2896 731 2931 mare.
768 2880 845 2930 Caes.
860 2878 894 2930 B.
911 2878 977 2946 gall.
988 2877 1013 2941 2,
1030 2876 1071 2930 13.
1089 2882 1173 2945 pueri
1189 2882 1271 2930 mulia

217 2972 220 2979 '
299 2982 389 3032 resque
403 2980 438 3015 ete
452 2980 526 3014 muro
546 2963 632 3031 passis
651 2963 772 3013 manibus
788 2981 833 3013 suo
849 2981 919 3014 more
930 2980 1021 3030 pacem
1037 2963 1071 3015 ab
1086 2964 1221 3015 Romanis
1235 2981 1272 3030 pe-

300 3048 408 3104 tierunt.
424 3046 450 3111 1,
458 3045 500 3098 44.
518 3046 672 3109 Ariouistus‚
688 3049 837 3115 exequisut
847 3049 1060 3114 colloquerentur,
1071 3074 1107 3084 —
1122 3049 1272 3113 postulauit.

299 3132 373 3185 Plio.
388 3131 460 3185 nist.
474 3147 500 3182 n.
514 3129 540 3195 l,
556 3128 599 3193 56,
613 3129 655 3182 51.
680 3149 805 3200 pugnare
820 3148 853 3184 ex
867 3149 939 3199 equa.
968 3131 1046 3182 Caes.
1062 3132 1096 3182 B.
1112 3132 1184 3198 gall.
1200 3129 1271 3195 222

302 3215 333 3267 Τ.
343 3215 473 3268 Labienus
486 3240 520 3252 -·
535 3232 567 3265 ex
582 3215 635 3266 loco
649 3217 794 3284 superiore,
811 3234 877 3285 quae
890 3233 931 3267 rea
941 3216 970 3266 in
986 3215 1188 3268 austriacastris
1203 3230 1271 3286 gera-

298 3299 594 3366 eentur‚·conapieatue.
614 3299 640 3364 2,
659 3299 704 3352 36.
727 3301 784 3353 cia.
808 3301 836 3351 in
857 3301 935 3351 Vere.
955 3298 982 3365 5,
1004 3297 1047 3363 66,
1068 3295 1127 3350 169.
1153 3317 1187 3352 ea
1209 3316 1273 3350 cruce

302 3383 410 3434 ltaliam
425 3399 535 3434 cunno.
562 3383 714 3437 Priantae.
729 3402 756 3438 u.
771 3384 797 3450 l,
812 3383 854 3449 56,
869 3385 917 3438 aa
930 3386 1011 3437 autea
1025 3400 1157 3450 capraea
1174 3392 1273 3438 tantum

300 3472 328 3518 et
340 3467 424 3534 puppi
436 3469 619 3536 pugnabatur.
648 3467 750 3521 Lucan.
765 3468 790 3533 9,
806 3467 865 3521 657.
885 3470 1026 3538 bellumque
1041 3471 1158 3522 immane
1175 3471 1273 3522 mamm

303 3550 428 3603 Pallados
444 3569 458 3602 e
472 3552 557 3603 media
572 3555 683 3619 confecit
697 3561 800 3622 pectore
816 3554 934 3623 Gorgon.

338 3652 455 3717 Lenze,
470 3653 512 3717 19,
529 3652 554 3706 5.
574 3656 729 3708 Pleminium
746 3657 864 3725 legatum
880 3658 993 3709 cinctum
1013 3657 1127 3708 Romam
1143 3657 1276 3726 deportari

301 3737 406 3805 placere
420 3746 446 3790 et
460 3757 493 3790 ea
509 3739 620 3792 uinculis
634 3757 751 3791 caussam
766 3741 859 3793 dicere.
896 3743 973 3794 Caes.
990 3742 1022 3793 Β.
1039 3741 1108 3810 gall.
1120 3741 1152 3805 tl,
1167 3741 1194 3794 t.

341 3838 398 3892 cic.
424 3839 458 3893 ad
479 3843 558 3893 Fam.
573 3840 598 3906 l,
615 3841 640 3904 1,
656 3840 681 3892 3.
713 3860 794 3911 neque
816 3851 904 3896 tamen
922 3845 1028 3907 dubito,
1057 3844 1121 3911 quin
1140 3850 1172 3894 tu
1189 3843 1278 3895 exillc

304 3924 420 3977 cubiculo
430 3932 489 3988 tuo,
509 3943 542 3977 ec
552 3943 600 3991 quo
614 3927 663 3976 tibi
678 3927 834 3978 Stabianum
848 3929 992 3995 perforasti
1007 3935 1032 3978 et
1044 3927 1198 3994 patefecisti
1206 3928 1279 3979 Seia-

304 4025 376 4074 num,
390 4026 439 4077 per
453 4025 495 4059 eas
511 4009 566 4059 dice
580 4010 711 4061 matutina
727 4017 844 4078 tempora
859 4012 1018 4062 lectiunculis
1033 4014 1216 4065 cortanenseris.
1235 4009 1280 4062 ubi

288 4091 420 4147 “conius
434 4090 511 4157 7518,
526 4091 567 4147 19.
593 4109 627 4148 ex
640 4112 692 4164 qua
707 4093 803 4162 (villa)
821 4094 876 4148 iam
891 4095 1029 4149 audieram
1042 4094 1187 4161 fremitum
1203 4097 1280 4148 aliea-
