2618 4770
218 283 286 347 otu
655 266 820 337 EXTRA.

202 486 205 491 .
233 434 296 498 bus
317 427 591 496 antecedentibus.
645 425 770 491 Plinius
793 434 828 490 et
846 423 1044 491 recentiores
1067 421 1151 488 adeo
1177 423 1271 490 ‹lixe-

194 554 214 597 .·
232 527 313 585 runt
334 527 432 582 extra
454 536 570 580 meare
593 518 626 577 et
647 512 775 576 similia.

336 636 406 689 vtae
427 634 554 702 exemplu
575 632 656 686 motlo
678 630 803 702 apposita
823 628 918 684 Plinii.
956 626 1041 683 Statii
1061 625 1129 680 sttv.
1144 627 1173 694 1,
1189 627 1216 693 5,
1231 627 1271 682 51.

299 722 480 777 exciamem
495 718 570 771 niaco
591 717 637 787 qui
655 717 779 787 margine
799 717 916 768 caerulas
930 716 1017 768 amnia
1041 712 1116 766 aicit.
1159 713 1219 765 cie.
1241 715 1272 765 tle

301 799 500 869 Pietate.
514 802 636 855 domnia
643 803 699 867 illa,
709 807 842 871 quaesunt
849 807 935 864 extra,
949 801 1271 868 quamquamcaepetentla‚

300 905 401 945 mmo
416 889 482 939 tosa
503 886 706 939 sustinerentur.
729 885 748 937 i.
767 902 791 938 e.
816 880 852 938 sai
872 881 932 948 ἔξω.
960 880 1042 936 Statii
1063 883 1158 935 Theb.
1182 882 1226 947 10,
1248 883 1271 934 3.

296 976 429 1029 tristertot
443 964 775 1041 sulcamina—ferro
792 971 942 1023 demerem.
975 967 1087 1020 Persius
1102 968 1127 1032 1,
1142 967 1170 1020 t.
1191 975 1272 1020 necte

207 1124 212 1133 ο
299 1055 458 1128 muniveris
469 1062 553 1108 ωτι.
577 1054 681 1123 Eygln.
690 1054 759 1107 Feb.
768 1052 811 1109 18.
831 1053 1079 1122 Argcnaatcerlam
1094 1053 1171 1119 apncl
1179 1052 1272 1118 nysam

295 1148 438 1197 -owrantar
456 1145 483 1192 ct
501 1146 581 1193 extra
592 1138 855 1201 molemonium,
883 1140 977 1190 Idmon
995 1138 1029 1188 cl
1051 1152 1118 1204 apro
1135 1152 1272 1204 peronam

295 1227 411 1281 interim.

336 1327 408 1381 Plin.
422 1325 494 1381 nist.
509 1323 619 1389 aaut,
635 1323 693 1377 lto.
711 1325 809 1378 Pontou
822 1338 923 1391 semper
935 1327 1010 1373 extra
1025 1328 1096 1373 meat
1111 1321 1141 1371 in
1157 1321 1272 1390 Propan-

300 1412 390 1475 tideus,
406 1427 515 1479 prorsas
523 1410 670 1462 inl'osstum
677 1424 818 1477 numquam
830 1409 913 1474 refluo
925 1406 1004 1458 nari.
1022 1405 1048 1470 t,
1056 1405 1101 1471 33,
1109 1405 1155 1458 52.
1175 1406 1270 1459 saliunt

298 1497 415 1565 pectinat
425 1502 453 1547 et
465 1500 541 1546 estre
554 1493 675 1546 volitant.

318 1599 351 1662 5.
375 1597 471 1662 Novo
494 1615 556 1659 usu
583 1592 739 1660 Boethius
771 1594 993 1684 composuisse
1023 1593 1154 1659 videtur
1177 1603 1270 1656 extra

235 1702 312 1746 cum
327 1682 427 1747 verbo
440 1692 574 1767 petere,
604 1681 695 1765 quasi
716 1678 797 1744 illud
817 1691 918 1761 esset,
937 1678 1023 1744 undo
1043 1679 1125 1766 quid
1140 1689 1269 1766 petere-

233 1778 300 1831 tur.
352 1766 415 1830 Sed
438 1787 548 1829 caussa
572 1763 669 1827 huius
691 1763 840 1829 dictionis
870 1767 1013 1830 cernitur
1042 1767 1078 1828 in
1110 1764 1269 1852 oppositis

232 1850 399 1917 vocabulis
414 1861 511 1915 extra
528 1859 560 1912 et
575 1849 681 1914 intra.
713 1851 763 1915 De
778 1852 946 1916 Consolat.
961 1855 993 1914 2.
1014 1851 1107 1913 Pros.
1123 1853 1158 1914 4.
1192 1846 1269 1936 qaid

241 1935 251 1951 Ι
282 1936 290 1951 0

233 1958 248 1999 ι
289 1947 362 2016 tar,
393 1959 413 1998 o
441 1933 620 2017 mortales,
650 1946 748 2001 extra
773 1936 893 2023 petitis
918 1936 1012 2001 intra
1035 1957 1091 2000 aas
1118 1937 1268 2022 positam

223 1956 458 2105 filieitatem?
660 2020 662 2037 '

318 2137 358 2203 ll.
380 2146 419 2204 ·1.
458 2141 537 2206 Prae
562 2141 709 2208 ositionis
737 2141 827 2206 idem
851 2153 900 2209 est
922 2139 1137 2229 significatus,
1179 2152 1267 2226 atque

189 2293 195 2303 ,
237 2220 355 2320 elicitur
370 2237 467 2290 extra
485 2237 516 2289 et
533 2165 573 2292 tle
585 2238 746 2293 terrarum
764 2228 846 2292 locis
863 2239 895 2292 et
909 2227 949 2292 de
965 2226 1078 2302 rebus,
1100 2227 1135 2288 in
1156 2227 1266 2310 quibus

233 2317 365 2372 interna
382 2321 414 2374 et
436 2321 567 2376 externa
589 2313 849 2400 distinguuntur,
877 2324 931 2376 aut
948 2334 1029 2399 quae
1045 2310 1123 2374 alios
1140 2334 1194 2374 res
1213 2332 1266 2374 ex·

234 2402 345 2458 ternus
359 2407 523 2482 spectant,
543 2400 587 2461 ita
607 2409 734 2477 tamen,
751 2410 787 2460 ut
805 2410 884 2461 ante
900 2398 939 2462 de
956 2421 994 2462 eo
1012 2396 1158 2471 dicatur,
1184 2395 1266 2480 quod

235 2498 307 2540 non
333 2482 517 2564 pervenerit
538 2484 642 2562 intus,
678 2495 775 2547 extra
791 2496 898 2548 autem
914 2483 965 2563 id,
990 2481 1078 2569 quod
1102 2481 1265 2544 exclusum

235 2574 293 2624 aut
313 2576 480 2628 remotum
502 2579 557 2630 aut
577 2579 742 2632 retentum
765 2570 823 2633 sit:
867 2590 1064 2656 qilamquam
1087 2566 1171 2630 haec
1196 2589 1266 2628 con-

236 2644 332 2711 fundi
346 2662 491 2735 possunt.

336 2769 396 2820 [riv.
411 2770 453 2834 38,
469 2769 494 2834 8,
511 2770 536 2822 4.
560 2773 687 2824 Antiocho
703 2779 775 2824 terra
790 2773 907 2841 marique
921 2781 1081 2842 superatori
1096 2793 1182 2842 prope
1197 2780 1267 2824 extra

304 2854 391 2904 orbem
413 2862 501 2906 terrae
522 2858 595 2908 oltra
616 2859 683 2924 iuga
700 2857 784 2908 Tauri
800 2864 903 2921 eraclo,
928 2876 1006 2924 qaam
1023 2875 1095 2925 spem
1118 2877 1173 2910 esse
1196 2857 1266 2909 susti-

305 2937 385 2987 nendi
398 2939 466 2990 belli.
503 2941 580 2992 Caes.
589 2941 622 2992 B.
636 2941 703 3008 gall.
719 2939 797 3004 1,1⁰.
817 2940 845 2990 ln‘
859 2949 920 2991 sunt
935 2948 1008 2992 entra
1020 2943 1187 3008 provinciam
1198 2950 1267 2993 trans

304 3021 464 3074 Rhodanum
486 3025 576 3092 primi.
609 3023 635 3089 6,
649 3023 691 3076 23.
710 3024 851 3078 latrocinia
875 3025 976 3074 nnllam
999 3026 1097 3078 habent
1118 3026 1265 3089 infamiam,

304 3123 371 3172 qnae
384 3116 459 3160 entra
470 3111 542 3174 fines
564 3111 685 3177 oniasque
708 3109 824 3160 civitatis
840 3109 921 3173 fiant.
957 3108 1032 3159 curt.
1053 3108 1119 3173 4,2‚
1136 3108 1163 3161 4.
1190 3106 1268 3177 legati

304 3193 477 3259 respondent,
492 3211 543 3245 ease
555 3194 679 3261 templum
694 3193 815 3253 Herculis
829 3199 903 3243 entra
915 3193 1012 3243 arbem.
1102 3219 1104 3223 <

341 3293 397 3345 (lic.
415 3295 449 3345 tle
464 3295 532 3363 Ireg.
549 3296 574 3359 2,
591 3295 634 3358 23,
648 3293 691 3347 58.
716 3296 796 3346 nostis
815 3302 888 3346 entra
906 3303 1011 3362 partam
1032 3295 1157 3347 collinam
1183 3298 1267 3348 aedem

306 3375 429 3429 Honoris.
463 3379 522 3431 Liv.
538 3379 580 3443 4⁰,
596 3379 638 3442 43,
646 3377 672 3431 4.
693 3381 738 3448 qui
752 3394 828 3448 quum
843 3386 918 3431 entra
931 3381 1020 3430 urbem
1034 3381 1165 3447 triumphi
1180 3397 1268 3431 caussa

303 3467 383 3522 esset,
402 3464 490 3512 conssul
501 3472 538 3515 est
553 3471 663 3515 creatus.

338 3562 451 3614 Terent.
470 3565 521 3616 Ph.
543 3564 568 3629 5,
590 3564 615 3630 6,
629 3564 676 3626 36.
705 3583 745 3617 nie
765 3582 855 3618 censen
875 3567 989 3634 potuisse
1010 3566 1100 3617 omnia
1122 3567 1268 3637 intelligere

304 3651 382 3697 extra
398 3647 505 3713 ostiam,
538 3650 608 3700 intus
623 3667 689 3717 qaae
705 3651 773 3701 inter
793 3666 845 3700 sese
860 3650 912 3718 ipsi
924 3651 1033 3718 egerint.
1067 3649 1126 3701 Cic.
1143 3653 1229 3704 Tusc.
1243 3650 1267 3713 5,

304 3728 330 3796 5,
346 3729 388 3783 13.
409 3733 499 3784 solane
514 3734 590 3785 beata
600 3734 665 3796 vita,
685 3751 786 3800 quaeso,
806 3735 962 3802 relinquitur
976 3741 1049 3786 entra
1065 3736 1162 3787 ostiam
1179 3738 1269 3790 liuten-

304 3833 352 3883 qae
365 3817 501 3868 carceris?
518 3817 615 3867 Horat.
631 3817 719 3867 Caum.
734 3817 759 3880 3,
775 3816 858 3882 4‚1tt.

342 3916 398 3970 cic.
412 3917 496 3981 scau.
510 3917 535 3978 2,
549 3915 591 3977 23,
606 3915 647 3968 tt.
681 3919 743 3986 qnid
765 3922 834 3972 enim
854 3937 907 3972 esse
925 3925 1010 3987 potest
1031 3927 1107 3972 astra
1126 3921 1271 3974 universa?

305 4000 536 4066 celeumata.
548 3999 589 4051 lt.
607 4003 684 4054 etita
700 4006 772 4073 apud
787 4021 844 4059 cnm
857 4005 940 4057 morli
955 4005 1070 4072 cognitio
1080 4013 1161 4058 extra
1177 4015 1270 4069 artem,

303 4090 433 4145 medicina
450 4089 523 4142 intra
539 4101 613 4138 naam
627 4094 672 4140 eat.
