2618 4770
570 296 681 365 DVM·
1089 314 1152 381 s11

177 440 219 521 6(
234 451 308 517 Alia
331 451 572 519 recentioribus
606 457 751 519 maxime
785 454 904 519 usitata
937 456 1049 547 forma
1089 473 1150 547 est,

111 520 376 641 weolentio,
404 562 465 626 per
482 538 564 603 drr‘m
581 563 756 627 expressa,
775 540 809 607 in
827 563 862 604 se
877 530 1148 630 rfflitpjartici·

109 608 364 779 ἪἙθ-ςῖα
388 648 425 690 re
448 626 515 711 egit
541 626 761 716 Oudendorp.
785 624 827 691 ad
848 626 978 715 Apulei.
998 618 1161 717 ’ΜᾶΪῖ

109 736 132 801 Ρ.
202 754 212 775 ·
1178 742 1182 750 .

186 863 296 932 Apulei.
314 864 381 918 Met.
392 863 418 917 ὃ.
436 882 463 933 p.
474 864 534 933 lto,
553 865 579 920 5.
592 868 666 920 Elm.
686 885 718 920 ac
733 867 813 930 acm,
831 868 926 921 salotis
941 867 1036 938 inopia
1049 880 1143 931 canna

152 950 269 1019 corporis
282 952 334 1001 orei
353 951 538 1018 considerans,
566 971 619 1003 noo
637 970 712 1005 ocem
734 969 790 1016 arc,
814 953 861 1003 aad
879 954 983 1005 asinam
997 956 1089 1022 video,
1106 986 1143 998 -

151 1036 250 1088 tacitus
264 1037 471 1103 expostulabant.
488 1036 514 1090 9.
541 1056 568 1105 p.
584 1036 652 1103 232,
667 1038 692 1090 1.
718 1038 969 1104 occansonem,
996 1042 1058 1092 dum
1076 1043 1142 1097 irri-

148 1136 237 1189 gans,
259 1126 392 1191 ceteraque
407 1120 531 1174 incurvus
544 1122 635 1184 labore
654 1113 784 1186 deservit,
801 1139 853 1193 cga
870 1129 922 1175 etc.

116 1236 132 1267 ⁸'
161 1259 194 1325 7.
225 1254 424 1319 Coniunctio
442 1279 539 1344 saepe
554 1279 626 1323 non
645 1255 685 1320 ab
707 1257 822 1337 initio,
841 1257 898 1321 sed
915 1252 994 1346 post
1012 1261 1142 1349 aliquot

109 1340 178 1415 'crba
202 1340 315 1405 locum
336 1363 435 1406 suum
460 1352 611 1431 occupat,
650 1342 726 1408 vid.
744 1344 877 1409 Curtius
903 1344 944 1409 ad
965 1346 1088 1412 Lucan.
1104 1355 1138 1431 2,

110 1428 154 1497 u.
176 1410 330 1509 afim?

160 1584 194 1647 8.
216 1578 256 1646 In
271 1580 323 1645 his
339 1580 495 1647 omuibus
511 1583 675 1668 temporis
692 1582 777 1647 ratio
792 1576 885 1670 'pura
901 1594 969 1665 est,
991 1570 1135 1672 ideoque

109 1664 256 1733 rdicativo
289 1668 517 1755 exprimenda.
586 1669 697 1747 Quam
723 1690 827 1754 quum
855 1668 939 1734 bene
968 1670 1135 1755 cognitam

109 1752 230 1833 aberet,
246 1754 444 1851 ⁴Gronovius
462 1754 502 1818 ad
519 1753 588 1819 Liv.
605 1760 637 1832 2,
655 1759 707 1830 47,
725 1755 756 1820 5·
778 1765 809 1819 et
827 1755 865 1818 ad
882 1757 934 1831 35,
954 1760 985 1836 8,
1006 1764 1033 1820 t.
1051 1778 1136 1843 cop:

109 1839 257 1903 sectivum
277 1840 321 1903 ita
347 1862 422 1903 oum
446 1840 708 1926 particularium
731 1826 1132 1921 coniunctumadsriloe-
1171 1880 1214 1919 μ,
1291 1890 1300 1909 s

109 1910 386 1990 ffiofffffe'rebnt.
419 1926 496 2006 Quo
511 1926 643 1990 decreto
660 1926 763 1991 semel
775 1910 1132 2013 comprobato‘factum
1159 1938 1170 1967 ὅ
1179 1922 1188 1961 ³
1204 1925 1225 1997 ’ἕ
1247 1928 1308 1995 '²⁶³2

110 2020 142 2089 t,
175 2020 214 2075 ut
229 2012 353 2090 critici,
385 2010 490 2082 sicubi
509 2011 1132 2095 dumcumconiunctivooccurreret,
1203 2026 1206 2035 '

109 2096 260 2161 rrmultos
276 2097 477 2184 scriptorum
491 2097 581 2162 locos
598 2098 821 2183 corrigerent,
850 2098 950 2184 idque
970 2120 1009 2161 eo
1024 2099 1129 2186 magis

109 2180 135 2247 ai
154 2204 354 2247 concessum
372 2193 544 2270 putarent,
574 2204 641 2268 quo
666 2181 871 2268 frequentius
894 2183 1049 2247 librarios
1073 2194 1131 2247 aut

109 2266 174 2333 urm
187 2267 224 2331 in
241 2268 324 2333 clam
337 2279 501 2349 mutasse,
523 2278 579 2332 aut
595 2269 843 2331 coniunctivum
861 2268 1047 2355 imperfecti
1063 2289 1127 2355 pro

109 2352 249 2435 dicativo
274 2354 453 2442 proesentis
478 2355 708 2441 supposuisse,
724 2354 784 2418 uel
804 2376 847 2418 ex
861 2351 1129 2429 Drakenborchii

112 2439 288 2513 notatione
303 2440 342 2510 ad
359 2441 430 2505 Liv.
441 2442 534 2519 1,40,
541 2444 572 2504 7.
594 2439 837 2526 cognovissent.
880 2440 972 2502 Vnus
989 2438 1129 2503 Ouden-

109 2526 211 2613 upiue
228 2525 391 2590 intellexit
412 2525 551 2593 nimiam
573 2524 671 2589 huius
696 2525 826 2589 consilii
849 2525 1080 2589 temeritatem·
1095 2535 1128 2589 et

109 2620 146 2675 st
165 2632 246 2689 cum
259 2611 467 2675 Huschkius=
497 2612 553 2675 ille
570 2610 793 2699 praecipiens,
819 2609 901 2681 dum
917 2610 973 2681 ubi
992 2621 1074 2674 esset
1091 2610 1141 2697 id,

109 2696 160 2761 orl
185 2696 370 2793 promitur,
408 2686 1128 2793 etiamnjffll„..9,QElfflllV9.ffluHJ'hic

118 2804 220 2847 usum
239 2794 413 2870 poetarum
429 2778 634 2869 p‘r'is'vocansr
655 2795 772 2849 neuter
785 2782 899 2847 tamen
912 2780 964 2855 rei
978 2788 1126 2869 pir-ossam

109 2868 269 2957 placavit.
313 2870 401 2932 Haec
419 2891 497 2932 vero
514 2868 558 2931 ita
575 2890 611 2933 se
625 2868 737 2943 habet,
781 2869 961 2953 Postquam
984 2864 1126 2930 rorii'aii'a

109 2984 112 3019 ι
160 2976 180 3019 a
204 2953 332 3053 legibus
356 2953 486 3038 alligato
514 2964 602 3030 erat,
631 2953 827 3039 antiquioris
854 2952 922 3016 aevi
946 2951 1125 3039 scriptores

150 3062 190 3107 ac
217 3040 362 3104 dictione
385 3040 607 3125 temporalem
631 3039 796 3103 rationem
829 3046 980 3108 accurate
1008 3036 1125 3122 expri-

109 3125 340 3204 accolebant,
356 3147 417 3189 nec
430 3134 570 3213 possunt
586 3144 634 3202 ea,
653 3146 737 3210 quae
752 3123 876 3188 librarii
893 3144 935 3193 ex
950 3144 1010 3186 suo
1029 3144 1126 3186 more

109 3222 188 3277 »stea
203 3210 238 3275 in
256 3211 368 3282 multis
387 3211 468 3274 locis
490 3220 756 3298 supposuerunt,
779 3210 858 3297 ipsis
873 3208 937 3272 illis
953 3207 1124 3296 imputari.

108 3300 199 3363 tmen
224 3298 307 3369 vitae
334 3296 524 3365 communis
549 3295 755 3385 copsuptpglo
779 3317 848 3365 non
874 3293 1126 3381 obtemperabat

109 3363 789 3469 ammuoaeffifseildii'm'temporale
812 3380 911 3445 etiam
937 3402 1012 3455 cum
1038 3401 1123 3443 oon-

109 3472 215 3535 rctivo
241 3468 478 3555 componebat,
523 3469 642 3549 Quare'
662 3466 796 3535 servius.
819 3465 860 3537 nd
881 3465 976 3555 virgi
992 3467 1074 3529 Acn.
1092 3470 1123 3544 1,

109 3558 141 3621 7.
178 3578 265 3619 snae
286 3554 480 3634 scientium,
514 3552 641 3639 inquit,
674 3552 769 3617 maio
796 3574 909 3616 errore
934 3573 1057 3639 qrrrrm
1090 3561 1123 3614 et

109 3650 170 3707 tm
193 3663 219 3705 a
240 3638 408 3712 Romanis
431 3662 501 3705 esse
523 3634 678 3727 confictu.
729 3640 827 3703 Hunc
850 3658 930 3701 vero
954 3637 1124 3730 uulgarem

109 3748 165 3791 am
182 3748 256 3789 non
273 3727 534 3814 aspernabantur
549 3735 667 3817 poetes
681 3726 734 3790 rel
749 3724 879 3812 optimi,
897 3722 956 3795 sed
974 3724 1008 3785 in
1025 3742 1123 3785 suum

109 3812 290 3877 mmodum
321 3811 517 3885 vertebant,
562 3813 681 3885 Postea
711 3818 869 3896 corrupta
897 3808 1122 3893 eloquutione,

110 3920 167 3963 am
192 3909 344 3964 oratores
367 3897 571 3986 negligenter
586 3898 622 3963 in
635 3894 713 3967 ··hac
733 3910 773 3971 Ire
795 3896 913 3961 versati
931 3903 1026 3974 sunt,
1060 3913 1123 3953 nec

110 3984 181 4057 abit
194 3983 228 4049 id
237 4032 249 4067 ,
279 3984 371 4072 quod
386 3986 421 4048 in
436 3982 677 4068 antiquioribus
692 3982 849 4049 iitiosum
866 3981 1012 4059 videtur,
1034 3974 1123 4062 apud

109 4071 270 4137 acutiores
296 4068 501 4135 correctione
529 4066 673 4147 aboleri„
701 4068 851 4155 ,Triplex
873 4067 972 4154 igitur
995 4068 1123 4157 constat

110 4160 175 4223 uu's
191 4157 440 4247 exemplorum.
481 4153 969 4243 Primumsat'ccnteutiarum,
991 4149 1028 4215 in
1045 4167 1123 4234 qur·
