<?xml version="1.0" encoding="UTF-8"?>
<!DOCTYPE html PUBLIC "-//W3C//DTD XHTML 1.0 Transitional//EN"
    "http://www.w3.org/TR/xhtml1/DTD/xhtml1-transitional.dtd">
<html xmlns="http://www.w3.org/1999/xhtml" xml:lang="en" lang="en">
 <head>
  <title>
</title>
<meta http-equiv="Content-Type" content="text/html;charset=utf-8" />
  <meta name='ocr-system' content='tesseract 3.04.00' />
  <meta name='ocr-capabilities' content='ocr_page ocr_carea ocr_par ocr_line ocrx_word'/>
</head>
<body>
  <div class='ocr_page' id='page_1' title='image "./tursellinusseud02handgoog_0265.png"; bbox 0 0 2618 4770; ppageno 0'>
   <div class='ocr_carea' id='block_1_1' title="bbox 214 212 1303 349">
    <p class='ocr_par' dir='ltr' id='par_1_1' title="bbox 214 212 1303 349">
     <span class='ocr_line' id='line_1_1' title="bbox 214 212 1303 349; baseline -0.006 -12"><span class='ocrx_word' id='word_1_1' title='bbox 214 270 278 337; x_wconf 72' lang='lat' dir='ltr'><strong><em>aaa</em></strong></span> <span class='ocrx_word' id='word_1_2' title='bbox 472 326 475 333; x_wconf 88' lang='lat'><strong>.</strong></span> <span class='ocrx_word' id='word_1_3' title='bbox 646 264 820 334; x_wconf 67' lang='lat' dir='ltr'><strong><em>nativa.</em></strong></span> <span class='ocrx_word' id='word_1_4' title='bbox 1192 212 1200 225; x_wconf 69' lang='grc'><strong>’</strong></span> <span class='ocrx_word' id='word_1_5' title='bbox 1293 212 1303 349; x_wconf 53' lang='lat' dir='ltr'>j</span> 
     </span>
    </p>
   </div>
   <div class='ocr_carea' id='block_1_2' title="bbox 17 420 1303 686">
    <p class='ocr_par' dir='ltr' id='par_1_2' title="bbox 17 420 1303 686">
     <span class='ocr_line' id='line_1_2' title="bbox 297 420 1303 520; baseline -0.014 -22.405"><span class='ocrx_word' id='word_1_6' title='bbox 297 428 330 490; x_wconf 80' lang='lat'><strong><em>7.</em></strong></span> <span class='ocrx_word' id='word_1_7' title='bbox 351 424 439 490; x_wconf 83' lang='lat' dir='ltr'><strong><em>Haec</em></strong></span> <span class='ocrx_word' id='word_1_8' title='bbox 455 420 569 518; x_wconf 81' lang='lat' dir='ltr'><strong><em>eadem</em></strong></span> <span class='ocrx_word' id='word_1_9' title='bbox 584 422 756 520; x_wconf 27' lang='lat' dir='ltr'><strong><em>esttroti0;</em></strong></span> <span class='ocrx_word' id='word_1_10' title='bbox 782 442 847 509; x_wconf 86' lang='lat' dir='ltr'><strong><em>qua</em></strong></span> <span class='ocrx_word' id='word_1_11' title='bbox 872 422 1010 489; x_wconf 85' lang='lat' dir='ltr'><strong><em>demam</em></strong></span> <span class='ocrx_word' id='word_1_12' title='bbox 1035 446 1112 492; x_wconf 86' lang='lat' dir='ltr'><strong><em>aum</em></strong></span> <span class='ocrx_word' id='word_1_13' title='bbox 1135 442 1275 515; x_wconf 84' lang='lat' dir='ltr'><strong><em>prono.</em></strong></span> <span class='ocrx_word' id='word_1_14' title='bbox 1298 456 1303 513; x_wconf 60' lang='lat'><em>2</em></span> 
     </span>
     <span class='ocr_line' id='line_1_3' title="bbox 17 509 1303 661; baseline 0.014 -110"><span class='ocrx_word' id='word_1_15' title='bbox 17 600 19 609; x_wconf 33' lang='grc' dir='ltr'>Ι</span> <span class='ocrx_word' id='word_1_16' title='bbox 39 512 126 661; x_wconf 49' lang='lat' dir='ltr'><strong><em>ff:</em></strong></span> <span class='ocrx_word' id='word_1_17' title='bbox 215 513 360 611; x_wconf 78' lang='lat' dir='ltr'><strong><em>minibus</em></strong></span> <span class='ocrx_word' id='word_1_18' title='bbox 379 511 518 606; x_wconf 71' lang='lat' dir='ltr'><strong><em>cu&#39;iusms</em></strong></span> <span class='ocrx_word' id='word_1_19' title='bbox 536 528 664 604; x_wconf 71' lang='lat' dir='ltr'><strong><em>genens</em></strong></span> <span class='ocrx_word' id='word_1_20' title='bbox 683 509 912 593; x_wconf 85' lang='lat' dir='ltr'><strong><em>coniungitur,</em></strong></span> <span class='ocrx_word' id='word_1_21' title='bbox 934 523 972 610; x_wconf 77' lang='lat' dir='ltr'><strong><em>ut</em></strong></span> <span class='ocrx_word' id='word_1_22' title='bbox 989 514 1196 613; x_wconf 33' lang='grc' dir='ltr'><strong><em>ΡινιιιεεῐιιιιὲἰειΙ</em></strong></span> <span class='ocrx_word' id='word_1_23' title='bbox 1213 526 1272 593; x_wconf 71' lang='lat' dir='ltr'><strong><em>aut</em></strong></span> <span class='ocrx_word' id='word_1_24' title='bbox 1285 517 1303 603; x_wconf 56' lang='lat' dir='ltr'><strong><em>q</em></strong></span> 
     </span>
     <span class='ocr_line' id='line_1_4' title="bbox 30 590 1293 686; baseline -0.011 -12"><span class='ocrx_word' id='word_1_25' title='bbox 30 619 121 682; x_wconf 57' lang='lat' dir='ltr'><strong><em>tta-⁴</em></strong></span> <span class='ocrx_word' id='word_1_26' title='bbox 217 599 353 686; x_wconf 76' lang='lat' dir='ltr'><strong><em>quatuos</em></strong></span> <span class='ocrx_word' id='word_1_27' title='bbox 373 617 511 682; x_wconf 72' lang='lat' dir='ltr'><strong><em>propria</em></strong></span> <span class='ocrx_word' id='word_1_28' title='bbox 534 590 752 678; x_wconf 80' lang='lat' dir='ltr'><strong><em>srgmficetur,</em></strong></span> <span class='ocrx_word' id='word_1_29' title='bbox 779 605 813 657; x_wconf 88' lang='lat' dir='ltr'><strong><em>et</em></strong></span> <span class='ocrx_word' id='word_1_30' title='bbox 833 606 1003 662; x_wconf 81' lang='lat' dir='ltr'><strong><em>ut&#39;maror</em></strong></span> <span class='ocrx_word' id='word_1_31' title='bbox 1021 620 1070 664; x_wconf 79' lang='lat' dir='ltr'><strong><em>vrs</em></strong></span> <span class='ocrx_word' id='word_1_32' title='bbox 1093 600 1293 667; x_wconf 70' lang='lat' dir='ltr'><strong><em>adnotatur,</em></strong></span> 
     </span>
    </p>
   </div>
   <div class='ocr_carea' id='block_1_3' title="bbox 17 679 1268 775">
    <p class='ocr_par' dir='ltr' id='par_1_3' title="bbox 17 679 1268 775">
     <span class='ocr_line' id='line_1_5' title="bbox 17 679 1268 775; baseline -0.001 -23"><span class='ocrx_word' id='word_1_33' title='bbox 17 686 146 775; x_wconf 48' lang='lat' dir='ltr'><strong><em>dmg</em></strong></span> <span class='ocrx_word' id='word_1_34' title='bbox 217 682 503 751; x_wconf 69' lang='lat' dir='ltr'><strong>demonstrationi.</strong></span> <span class='ocrx_word' id='word_1_35' title='bbox 561 679 621 741; x_wconf 79' lang='lat' dir='ltr'><strong><em>Est</em></strong></span> <span class='ocrx_word' id='word_1_36' title='bbox 650 679 749 764; x_wconf 85' lang='lat' dir='ltr'><strong><em>igitur</em></strong></span> <span class='ocrx_word' id='word_1_37' title='bbox 780 681 953 747; x_wconf 85' lang='lat' dir='ltr'><strong><em>modoid</em></strong></span> <span class='ocrx_word' id='word_1_38' title='bbox 980 685 1153 763; x_wconf 74' lang='lat' dir='ltr'><strong><em>maxime.</em></strong></span> <span class='ocrx_word' id='word_1_39' title='bbox 1182 698 1268 751; x_wconf 83' lang='lat' dir='ltr'><strong><em>ante</em></strong></span> 
     </span>
    </p>
   </div>
   <div class='ocr_carea' id='block_1_4' title="bbox 193 762 1303 1280">
    <p class='ocr_par' dir='ltr' id='par_1_4' title="bbox 216 762 1303 943">
     <span class='ocr_line' id='line_1_6' title="bbox 216 762 1303 853; baseline 0 -17"><span class='ocrx_word' id='word_1_40' title='bbox 216 793 354 836; x_wconf 79' lang='lat' dir='ltr'><strong><em>omnm.-</em></strong></span> <span class='ocrx_word' id='word_1_41' title='bbox 385 766 488 829; x_wconf 89' lang='lat' dir='ltr'><strong><em>modo</em></strong></span> <span class='ocrx_word' id='word_1_42' title='bbox 513 762 668 851; x_wconf 84' lang='lat' dir='ltr'><strong><em>quidem,</em></strong></span> <span class='ocrx_word' id='word_1_43' title='bbox 697 763 769 828; x_wconf 84' lang='lat' dir='ltr'><strong><em>dies</em></strong></span> <span class='ocrx_word' id='word_1_44' title='bbox 794 764 895 846; x_wconf 82' lang='lat' dir='ltr'><strong><em>eben,</em></strong></span> <span class='ocrx_word' id='word_1_45' title='bbox 922 773 1011 833; x_wconf 75' lang='grc' dir='ltr'><strong>τοῦτο</strong></span> <span class='ocrx_word' id='word_1_46' title='bbox 1031 765 1097 853; x_wconf 66' lang='lat' dir='ltr'><strong><em>dri·</em></strong></span> <span class='ocrx_word' id='word_1_47' title='bbox 1123 772 1267 837; x_wconf 76' lang='lat' dir='ltr'><strong>Gravior</strong></span> <span class='ocrx_word' id='word_1_48' title='bbox 1301 796 1303 801; x_wconf 91' lang='lat'>·</span> 
     </span>
     <span class='ocr_line' id='line_1_7' title="bbox 218 848 1265 943; baseline -0.006 -21"><span class='ocrx_word' id='word_1_49' title='bbox 218 856 340 922; x_wconf 86' lang='lat' dir='ltr'><strong><em>accedit</em></strong></span> <span class='ocrx_word' id='word_1_50' title='bbox 362 850 560 929; x_wconf 83' lang='lat' dir='ltr'><strong><em>affirmatio,</em></strong></span> <span class='ocrx_word' id='word_1_51' title='bbox 582 848 639 912; x_wconf 88' lang='lat' dir='ltr'><strong><em>ubi</em></strong></span> <span class='ocrx_word' id='word_1_52' title='bbox 667 848 798 914; x_wconf 82' lang='lat' dir='ltr'>additur</span> <span class='ocrx_word' id='word_1_53' title='bbox 815 848 989 939; x_wconf 76' lang='lat' dir='ltr'><strong><em>profecto,</em></strong></span> <span class='ocrx_word' id='word_1_54' title='bbox 1011 856 1062 919; x_wconf 86' lang='lat' dir='ltr'><strong><em>vel</em></strong></span> <span class='ocrx_word' id='word_1_55' title='bbox 1086 854 1146 921; x_wconf 89' lang='lat' dir='ltr'><strong><em>abi</em></strong></span> <span class='ocrx_word' id='word_1_56' title='bbox 1165 878 1265 943; x_wconf 74' lang='lat' dir='ltr'><strong><em>praa·</em></strong></span> 
     </span>
    </p>

    <p class='ocr_par' dir='ltr' id='par_1_5' title="bbox 193 934 1263 1280">
     <span class='ocr_line' id='line_1_8' title="bbox 193 934 1263 1027; baseline 0.003 -22"><span class='ocrx_word' id='word_1_57' title='bbox 193 998 199 1005; x_wconf 87' lang='lat'><strong>.</strong></span> <span class='ocrx_word' id='word_1_58' title='bbox 217 942 339 1007; x_wconf 87' lang='lat' dir='ltr'><strong><em>cedunt</em></strong></span> <span class='ocrx_word' id='word_1_59' title='bbox 355 936 452 1003; x_wconf 83' lang='lat' dir='ltr'><strong><em>verba</em></strong></span> <span class='ocrx_word' id='word_1_60' title='bbox 470 956 583 1000; x_wconf 83' lang='lat' dir='ltr'><strong><em>rernm</em></strong></span> <span class='ocrx_word' id='word_1_61' title='bbox 601 934 691 999; x_wconf 87' lang='lat' dir='ltr'><strong><em>enim</em></strong></span> <span class='ocrx_word' id='word_1_62' title='bbox 707 958 801 999; x_wconf 83' lang='lat' dir='ltr'><strong><em>uere.</em></strong></span> <span class='ocrx_word' id='word_1_63' title='bbox 845 937 911 1001; x_wconf 87' lang='lat' dir='ltr'><strong><em>Sed</em></strong></span> <span class='ocrx_word' id='word_1_64' title='bbox 923 941 956 1003; x_wconf 90' lang='lat' dir='ltr'><strong><em>in</em></strong></span> <span class='ocrx_word' id='word_1_65' title='bbox 975 940 1127 1027; x_wconf 85' lang='lat' dir='ltr'>plurimis</span> <span class='ocrx_word' id='word_1_66' title='bbox 1149 964 1263 1009; x_wconf 80' lang='lat' dir='ltr'><strong><em>axom-</em></strong></span> 
     </span>
     <span class='ocr_line' id='line_1_9' title="bbox 214 1018 1260 1119; baseline -0.003 -27"><span class='ocrx_word' id='word_1_67' title='bbox 214 1028 279 1119; x_wconf 85' lang='lat' dir='ltr'><strong><em>plis</em></strong></span> <span class='ocrx_word' id='word_1_68' title='bbox 304 1023 495 1111; x_wconf 86' lang='lat' dir='ltr'><strong><em>simpliciter</em></strong></span> <span class='ocrx_word' id='word_1_69' title='bbox 522 1019 806 1111; x_wconf 32' lang='lat' dir='ltr'><strong><em>definitum-cuius</em></strong></span> <span class='ocrx_word' id='word_1_70' title='bbox 832 1025 961 1089; x_wconf 71' lang='lat' dir='ltr'><strong><em>ueneris·</em></strong></span> <span class='ocrx_word' id='word_1_71' title='bbox 983 1022 1038 1090; x_wconf 84' lang='lat' dir='ltr'><strong><em>aut</em></strong></span> <span class='ocrx_word' id='word_1_72' title='bbox 1058 1018 1260 1099; x_wconf 53' lang='lat' dir='ltr'><strong><em>¹&#39;do&#39;n&#39;ditionia</em></strong></span> 
     </span>
     <span class='ocr_line' id='line_1_10' title="bbox 215 1076 1260 1206; baseline 0.003 -30"><span class='ocrx_word' id='word_1_73' title='bbox 215 1114 259 1176; x_wconf 87' lang='lat' dir='ltr'><strong><em>sit</em></strong></span> <span class='ocrx_word' id='word_1_74' title='bbox 274 1112 380 1198; x_wconf 84' lang='lat' dir='ltr'><strong><em>aliqua</em></strong></span> <span class='ocrx_word' id='word_1_75' title='bbox 395 1131 457 1174; x_wconf 87' lang='lat' dir='ltr'><strong><em>res.</em></strong></span> <span class='ocrx_word' id='word_1_76' title='bbox 502 1094 782 1206; x_wconf 59' lang='lat' dir='ltr'><strong><em>Offi‘c&#39;Tormula</em></strong></span> <span class='ocrx_word' id='word_1_77' title='bbox 806 1076 850 1172; x_wconf 74' lang='lat' dir='ltr'><strong><em>id</em></strong></span> <span class='ocrx_word' id='word_1_78' title='bbox 870 1109 1007 1176; x_wconf 86' lang='lat' dir='ltr'><strong><em>demam</em></strong></span> <span class='ocrx_word' id='word_1_79' title='bbox 1028 1122 1078 1177; x_wconf 82' lang='lat' dir='ltr'><strong><em>est</em></strong></span> <span class='ocrx_word' id='word_1_80' title='bbox 1099 1113 1260 1201; x_wconf 84' lang='lat' dir='ltr'><strong><em>significat</em></strong></span> 
     </span>
     <span class='ocr_line' id='line_1_11' title="bbox 215 1208 635 1280; baseline -0.024 -15"><span class='ocrx_word' id='word_1_81' title='bbox 215 1221 253 1265; x_wconf 86' lang='lat' dir='ltr'><strong><em>re</em></strong></span> <span class='ocrx_word' id='word_1_82' title='bbox 268 1220 348 1264; x_wconf 77' lang='lat' dir='ltr'><strong><em>aera</em></strong></span> <span class='ocrx_word' id='word_1_83' title='bbox 363 1208 413 1261; x_wconf 83' lang='lat' dir='ltr'><strong><em>est</em></strong></span> <span class='ocrx_word' id='word_1_84' title='bbox 427 1218 469 1259; x_wconf 88' lang='lat' dir='ltr'><strong><em>ae</em></strong></span> <span class='ocrx_word' id='word_1_85' title='bbox 480 1215 635 1280; x_wconf 72' lang='lat' dir='ltr'><strong><em>proprie.</em></strong></span> 
     </span>
    </p>
   </div>
   <div class='ocr_carea' id='block_1_5' title="bbox 187 1310 1256 2317">
    <p class='ocr_par' dir='ltr' id='par_1_6' title="bbox 282 1310 1256 1558">
     <span class='ocr_line' id='line_1_12' title="bbox 316 1310 1256 1391; baseline 0.004 -19"><span class='ocrx_word' id='word_1_86' title='bbox 316 1319 407 1372; x_wconf 85' lang='lat' dir='ltr'><strong><em>Plaut.</em></strong></span> <span class='ocrx_word' id='word_1_87' title='bbox 420 1316 497 1367; x_wconf 82' lang='lat' dir='ltr'><strong><em>Pers.</em></strong></span> <span class='ocrx_word' id='word_1_88' title='bbox 514 1310 652 1378; x_wconf 79' lang='grc'>2,3,14.</span> <span class='ocrx_word' id='word_1_89' title='bbox 670 1331 734 1365; x_wconf 87' lang='lat' dir='ltr'><strong><em>nom</em></strong></span> <span class='ocrx_word' id='word_1_90' title='bbox 747 1315 777 1366; x_wconf 85' lang='lat' dir='ltr'><strong><em>id</em></strong></span> <span class='ocrx_word' id='word_1_91' title='bbox 791 1312 895 1367; x_wconf 86' lang='lat' dir='ltr'><strong><em>demum</em></strong></span> <span class='ocrx_word' id='word_1_92' title='bbox 914 1317 1029 1385; x_wconf 84' lang='lat' dir='ltr'><strong><em>tepidum</em></strong></span> <span class='ocrx_word' id='word_1_93' title='bbox 1054 1326 1107 1385; x_wconf 87' lang='lat' dir='ltr'><strong><em>est,</em></strong></span> <span class='ocrx_word' id='word_1_94' title='bbox 1128 1321 1256 1391; x_wconf 70' lang='lat' dir='ltr'><strong><em>triparcos</em></strong></span> 
     </span>
     <span class='ocr_line' id='line_1_13' title="bbox 283 1398 1256 1473; baseline 0.001 -16"><span class='ocrx_word' id='word_1_95' title='bbox 283 1405 414 1466; x_wconf 78' lang='lat' dir='ltr'><strong><em>nomines,</em></strong></span> <span class='ocrx_word' id='word_1_96' title='bbox 433 1400 546 1463; x_wconf 84' lang='lat' dir='ltr'><strong><em>vetulos,</em></strong></span> <span class='ocrx_word' id='word_1_97' title='bbox 572 1398 678 1462; x_wconf 84' lang='lat' dir='ltr'><strong><em>auidos,</em></strong></span> <span class='ocrx_word' id='word_1_98' title='bbox 701 1400 790 1450; x_wconf 88' lang='lat' dir='ltr'><strong><em>aridos</em></strong></span> <span class='ocrx_word' id='word_1_99' title='bbox 807 1401 870 1451; x_wconf 82' lang='lat' dir='ltr'><strong><em>bene</em></strong></span> <span class='ocrx_word' id='word_1_100' title='bbox 891 1400 1060 1470; x_wconf 75' lang='lat' dir='ltr'><strong><em>admbrdem,</em></strong></span> <span class='ocrx_word' id='word_1_101' title='bbox 1080 1404 1126 1473; x_wconf 86' lang='lat' dir='ltr'><strong><em>qui</em></strong></span> <span class='ocrx_word' id='word_1_102' title='bbox 1145 1408 1256 1458; x_wconf 70' lang='lat' dir='ltr'><strong><em>andnam</em></strong></span> 
     </span>
     <span class='ocr_line' id='line_1_14' title="bbox 282 1483 1255 1558; baseline -0.002 -16"><span class='ocrx_word' id='word_1_103' title='bbox 282 1506 356 1542; x_wconf 73' lang='lat' dir='ltr'><strong><em>seruo</em></strong></span> <span class='ocrx_word' id='word_1_104' title='bbox 374 1487 516 1553; x_wconf 76' lang='lat' dir='ltr'><strong><em>obsignant</em></strong></span> <span class='ocrx_word' id='word_1_105' title='bbox 534 1500 591 1535; x_wconf 84' lang='lat' dir='ltr'><strong><em>cam</em></strong></span> <span class='ocrx_word' id='word_1_106' title='bbox 606 1484 669 1534; x_wconf 86' lang='lat' dir='ltr'><strong><em>sale.</em></strong></span> <span class='ocrx_word' id='word_1_107' title='bbox 706 1483 818 1535; x_wconf 83' lang='lat' dir='ltr'><strong>Terent.</strong></span> <span class='ocrx_word' id='word_1_108' title='bbox 835 1485 885 1536; x_wconf 87' lang='lat' dir='ltr'><strong><em>Ad.</em></strong></span> <span class='ocrx_word' id='word_1_109' title='bbox 903 1485 984 1552; x_wconf 84' lang='grc'>2,3,</span> <span class='ocrx_word' id='word_1_110' title='bbox 999 1488 1024 1540; x_wconf 93' lang='grc'><strong><em>1.</em></strong></span> <span class='ocrx_word' id='word_1_111' title='bbox 1047 1490 1199 1558; x_wconf 67' lang='lat' dir='ltr'><strong><em>obsquium</em></strong></span> <span class='ocrx_word' id='word_1_112' title='bbox 1213 1491 1255 1541; x_wconf 79' lang='lat' dir='ltr'><strong><em>ira-</em></strong></span> 
     </span>
    </p>

    <p class='ocr_par' dir='ltr' id='par_1_7' title="bbox 187 1558 1255 1811">
     <span class='ocr_line' id='line_1_15' title="bbox 187 1558 1255 1639; baseline -0.002 -14"><span class='ocrx_word' id='word_1_113' title='bbox 187 1624 192 1634; x_wconf 80' lang='grc'>,</span> <span class='ocrx_word' id='word_1_114' title='bbox 282 1571 370 1634; x_wconf 88' lang='lat' dir='ltr'><strong><em>mine,</em></strong></span> <span class='ocrx_word' id='word_1_115' title='bbox 389 1586 467 1636; x_wconf 85' lang='lat' dir='ltr'><strong><em>quum</em></strong></span> <span class='ocrx_word' id='word_1_116' title='bbox 482 1575 521 1619; x_wconf 85' lang='lat' dir='ltr'><strong><em>est</em></strong></span> <span class='ocrx_word' id='word_1_117' title='bbox 533 1584 613 1634; x_wconf 71' lang='lat' dir='ltr'><strong><em>optes,</em></strong></span> <span class='ocrx_word' id='word_1_118' title='bbox 632 1567 784 1632; x_wconf 75' lang='lat' dir='ltr'><strong><em>beneficium</em></strong></span> <span class='ocrx_word' id='word_1_119' title='bbox 798 1569 914 1636; x_wconf 80' lang='lat' dir='ltr'><strong><em>accipere</em></strong></span> <span class='ocrx_word' id='word_1_120' title='bbox 929 1573 1067 1639; x_wconf 76' lang='lat' dir='ltr'><strong><em>gaudeas:</em></strong></span> <span class='ocrx_word' id='word_1_121' title='bbox 1087 1590 1180 1625; x_wconf 82' lang='lat' dir='ltr'><strong><em>aarum</em></strong></span> <span class='ocrx_word' id='word_1_122' title='bbox 1192 1558 1255 1625; x_wconf 76' lang='lat' dir='ltr'><strong><em>enin</em></strong></span> 
     </span>
     <span class='ocr_line' id='line_1_16' title="bbox 283 1650 1254 1723; baseline -0.002 -14"><span class='ocrx_word' id='word_1_123' title='bbox 283 1674 345 1710; x_wconf 83' lang='lat' dir='ltr'><strong><em>cero</em></strong></span> <span class='ocrx_word' id='word_1_124' title='bbox 361 1656 389 1706; x_wconf 87' lang='lat' dir='ltr'><strong><em>id</em></strong></span> <span class='ocrx_word' id='word_1_125' title='bbox 404 1655 506 1704; x_wconf 87' lang='lat' dir='ltr'><strong><em>demum</em></strong></span> <span class='ocrx_word' id='word_1_126' title='bbox 519 1650 670 1715; x_wconf 59' lang='lat' dir='ltr'><strong><em>invoa-si,</em></strong></span> <span class='ocrx_word' id='word_1_127' title='bbox 689 1667 763 1718; x_wconf 87' lang='lat' dir='ltr'><strong><em>quem</em></strong></span> <span class='ocrx_word' id='word_1_128' title='bbox 779 1661 914 1719; x_wconf 84' lang='lat' dir='ltr'><strong><em>aequumst</em></strong></span> <span class='ocrx_word' id='word_1_129' title='bbox 925 1658 1034 1722; x_wconf 83' lang='lat' dir='ltr'><strong><em>facere,</em></strong></span> <span class='ocrx_word' id='word_1_130' title='bbox 1055 1657 1079 1708; x_wconf 84' lang='lat' dir='ltr'><strong><em>is</em></strong></span> <span class='ocrx_word' id='word_1_131' title='bbox 1099 1659 1165 1709; x_wconf 82' lang='lat' dir='ltr'><strong><em>bene</em></strong></span> <span class='ocrx_word' id='word_1_132' title='bbox 1180 1657 1254 1723; x_wconf 79' lang='lat' dir='ltr'><strong><em>facit.</em></strong></span> 
     </span>
     <span class='ocr_line' id='line_1_17' title="bbox 286 1736 1253 1811; baseline -0.001 -18"><span class='ocrx_word' id='word_1_133' title='bbox 286 1741 336 1794; x_wconf 80' lang='lat' dir='ltr'><strong><em>ubi</em></strong></span> <span class='ocrx_word' id='word_1_134' title='bbox 356 1742 492 1792; x_wconf 80' lang='lat' dir='ltr'>Donatus:</span> <span class='ocrx_word' id='word_1_135' title='bbox 520 1736 633 1788; x_wconf 78' lang='lat' dir='ltr'><strong><em>ostendit</em></strong></span> <span class='ocrx_word' id='word_1_136' title='bbox 658 1736 721 1803; x_wconf 82' lang='lat' dir='ltr'><strong><em>plus</em></strong></span> <span class='ocrx_word' id='word_1_137' title='bbox 744 1738 885 1803; x_wconf 76' lang='lat' dir='ltr'><strong><em>essequod</em></strong></span> <span class='ocrx_word' id='word_1_138' title='bbox 907 1739 983 1792; x_wconf 76' lang='lat' dir='ltr'><strong><em>irruat</em></strong></span> <span class='ocrx_word' id='word_1_139' title='bbox 1011 1759 1090 1808; x_wconf 85' lang='lat' dir='ltr'><strong><em>quom</em></strong></span> <span class='ocrx_word' id='word_1_140' title='bbox 1119 1742 1253 1811; x_wconf 69' lang='lat' dir='ltr'><strong><em>gaudium.</em></strong></span> 
     </span>
    </p>

    <p class='ocr_par' dir='ltr' id='par_1_8' title="bbox 201 1818 1255 2317">
     <span class='ocr_line' id='line_1_18' title="bbox 201 1818 1255 1909; baseline 0 -30"><span class='ocrx_word' id='word_1_141' title='bbox 201 1822 210 1833; x_wconf 76' lang='lat'><strong>⁴</strong></span> <span class='ocrx_word' id='word_1_142' title='bbox 256 1824 342 1909; x_wconf 28' lang='lat' dir='ltr'><strong><em>scic.</em></strong></span> <span class='ocrx_word' id='word_1_143' title='bbox 359 1823 392 1876; x_wconf 87' lang='lat' dir='ltr'><strong><em>ud</em></strong></span> <span class='ocrx_word' id='word_1_144' title='bbox 408 1823 463 1874; x_wconf 80' lang='lat' dir='ltr'><strong><em>Au.</em></strong></span> <span class='ocrx_word' id='word_1_145' title='bbox 478 1820 510 1885; x_wconf 82' lang='lat'><strong><em>8,</em></strong></span> <span class='ocrx_word' id='word_1_146' title='bbox 528 1818 553 1872; x_wconf 82' lang='grc'><strong><em>6.</em></strong></span> <span class='ocrx_word' id='word_1_147' title='bbox 571 1821 608 1872; x_wconf 82' lang='lat' dir='ltr'><strong><em>sic</em></strong></span> <span class='ocrx_word' id='word_1_148' title='bbox 621 1820 690 1872; x_wconf 90' lang='lat' dir='ltr'><strong><em>enim</em></strong></span> <span class='ocrx_word' id='word_1_149' title='bbox 706 1820 804 1884; x_wconf 87' lang='lat' dir='ltr'><strong><em>sentio,</em></strong></span> <span class='ocrx_word' id='word_1_150' title='bbox 824 1822 987 1889; x_wconf 80' lang='lat' dir='ltr'><strong><em>eddanum,</em></strong></span> <span class='ocrx_word' id='word_1_151' title='bbox 1009 1833 1056 1877; x_wconf 87' lang='lat' dir='ltr'><strong><em>out</em></strong></span> <span class='ocrx_word' id='word_1_152' title='bbox 1071 1828 1163 1896; x_wconf 76' lang='lat' dir='ltr'><strong><em>potius</em></strong></span> <span class='ocrx_word' id='word_1_153' title='bbox 1176 1827 1205 1879; x_wconf 88' lang='lat' dir='ltr'><strong><em>id</em></strong></span> <span class='ocrx_word' id='word_1_154' title='bbox 1218 1842 1255 1879; x_wconf 78' lang='lat' dir='ltr'><strong><em>sa-</em></strong></span> 
     </span>
     <span class='ocr_line' id='line_1_19' title="bbox 281 1906 1253 1976; baseline 0.001 -14"><span class='ocrx_word' id='word_1_155' title='bbox 281 1912 336 1963; x_wconf 79' lang='lat' dir='ltr'><strong><em>lum</em></strong></span> <span class='ocrx_word' id='word_1_156' title='bbox 359 1925 412 1960; x_wconf 79' lang='lat' dir='ltr'><strong><em>esse</em></strong></span> <span class='ocrx_word' id='word_1_157' title='bbox 434 1908 571 1969; x_wconf 76' lang='lat' dir='ltr'><strong><em>miseram,</em></strong></span> <span class='ocrx_word' id='word_1_158' title='bbox 593 1906 661 1973; x_wconf 87' lang='lat' dir='ltr'><strong><em>quod</em></strong></span> <span class='ocrx_word' id='word_1_159' title='bbox 681 1910 759 1972; x_wconf 85' lang='lat' dir='ltr'><strong><em>turpe</em></strong></span> <span class='ocrx_word' id='word_1_160' title='bbox 781 1906 823 1956; x_wconf 87' lang='lat' dir='ltr'><strong><em>sit.</em></strong></span> <span class='ocrx_word' id='word_1_161' title='bbox 860 1906 971 1963; x_wconf 81' lang='lat' dir='ltr'><strong>Sallust.</strong></span> <span class='ocrx_word' id='word_1_162' title='bbox 992 1910 1051 1962; x_wconf 85' lang='lat' dir='ltr'><strong><em>cat.</em></strong></span> <span class='ocrx_word' id='word_1_163' title='bbox 1067 1910 1118 1976; x_wconf 85' lang='grc'><strong><em>26,</em></strong></span> <span class='ocrx_word' id='word_1_164' title='bbox 1135 1908 1165 1964; x_wconf 71' lang='grc' dir='ltr'><strong><em>ὅ.</em></strong></span> <span class='ocrx_word' id='word_1_165' title='bbox 1191 1910 1253 1963; x_wconf 80' lang='lat' dir='ltr'><strong><em>iden</em></strong></span> 
     </span>
     <span class='ocr_line' id='line_1_20' title="bbox 280 1990 1255 2063; baseline -0.001 -15"><span class='ocrx_word' id='word_1_166' title='bbox 280 1996 346 2049; x_wconf 84' lang='lat' dir='ltr'><strong><em>aelle</em></strong></span> <span class='ocrx_word' id='word_1_167' title='bbox 362 2001 440 2061; x_wconf 90' lang='lat' dir='ltr'><strong><em>atque</em></strong></span> <span class='ocrx_word' id='word_1_168' title='bbox 454 1992 521 2042; x_wconf 84' lang='lat' dir='ltr'><strong><em>idam</em></strong></span> <span class='ocrx_word' id='word_1_169' title='bbox 538 1991 616 2054; x_wconf 85' lang='lat' dir='ltr'><strong><em>nolle,</em></strong></span> <span class='ocrx_word' id='word_1_170' title='bbox 635 2007 666 2042; x_wconf 88' lang='lat' dir='ltr'><strong><em>ea</em></strong></span> <span class='ocrx_word' id='word_1_171' title='bbox 681 1990 784 2041; x_wconf 90' lang='lat' dir='ltr'><strong><em>demum</em></strong></span> <span class='ocrx_word' id='word_1_172' title='bbox 793 1992 879 2057; x_wconf 82' lang='lat' dir='ltr'><strong><em>firma</em></strong></span> <span class='ocrx_word' id='word_1_173' title='bbox 897 1993 1081 2047; x_wconf 67' lang='lat' dir='ltr'><strong><em>amicitiant:</em></strong></span> <span class='ocrx_word' id='word_1_174' title='bbox 1101 1992 1175 2063; x_wconf 79' lang='lat' dir='ltr'><strong><em>quod</em></strong></span> <span class='ocrx_word' id='word_1_175' title='bbox 1186 1996 1255 2047; x_wconf 80' lang='lat' dir='ltr'><strong><em>malo</em></strong></span> 
     </span>
     <span class='ocr_line' id='line_1_21' title="bbox 281 2072 1255 2146; baseline -0.001 -14"><span class='ocrx_word' id='word_1_176' title='bbox 281 2077 421 2146; x_wconf 78' lang='lat' dir='ltr'><strong><em>explicant</em></strong></span> <span class='ocrx_word' id='word_1_177' title='bbox 440 2076 468 2127; x_wconf 90' lang='lat' dir='ltr'><strong><em>id</em></strong></span> <span class='ocrx_word' id='word_1_178' title='bbox 490 2075 580 2127; x_wconf 85' lang='lat' dir='ltr'><strong><em>solum.</em></strong></span> <span class='ocrx_word' id='word_1_179' title='bbox 606 2072 655 2138; x_wconf 90' lang='grc'>12,</span> <span class='ocrx_word' id='word_1_180' title='bbox 673 2072 699 2127; x_wconf 78' lang='grc'><strong><em>5.</em></strong></span> <span class='ocrx_word' id='word_1_181' title='bbox 724 2072 773 2126; x_wconf 85' lang='lat' dir='ltr'><strong><em>ubi</em></strong></span> <span class='ocrx_word' id='word_1_182' title='bbox 792 2092 862 2143; x_wconf 83' lang='lat' dir='ltr'><strong><em>quae</em></strong></span> <span class='ocrx_word' id='word_1_183' title='bbox 882 2074 1039 2146; x_wconf 82' lang='lat' dir='ltr'><strong><em>Herzogius</em></strong></span> <span class='ocrx_word' id='word_1_184' title='bbox 1057 2079 1182 2146; x_wconf 84' lang='lat' dir='ltr'><strong><em>notavit,</em></strong></span> <span class='ocrx_word' id='word_1_185' title='bbox 1205 2095 1255 2131; x_wconf 80' lang='lat' dir='ltr'><strong><em>noa</em></strong></span> 
     </span>
     <span class='ocr_line' id='line_1_22' title="bbox 284 2154 1255 2234; baseline -0.001 -18"><span class='ocrx_word' id='word_1_186' title='bbox 284 2163 433 2216; x_wconf 81' lang='lat' dir='ltr'><strong><em>conciliare</em></strong></span> <span class='ocrx_word' id='word_1_187' title='bbox 455 2176 565 2228; x_wconf 85' lang='lat' dir='ltr'><strong><em>possum</em></strong></span> <span class='ocrx_word' id='word_1_188' title='bbox 585 2175 648 2210; x_wconf 87' lang='lat' dir='ltr'><strong><em>cum</em></strong></span> <span class='ocrx_word' id='word_1_189' title='bbox 662 2154 713 2221; x_wconf 84' lang='lat' dir='ltr'><strong><em>iis,</em></strong></span> <span class='ocrx_word' id='word_1_190' title='bbox 740 2177 810 2226; x_wconf 87' lang='lat' dir='ltr'><strong><em>quac</em></strong></span> <span class='ocrx_word' id='word_1_191' title='bbox 835 2160 869 2213; x_wconf 83' lang='lat' dir='ltr'><strong><em>ad</em></strong></span> <span class='ocrx_word' id='word_1_192' title='bbox 890 2179 913 2213; x_wconf 91' lang='lat' dir='ltr'><strong><em>c.</em></strong></span> <span class='ocrx_word' id='word_1_193' title='bbox 932 2162 965 2225; x_wconf 82' lang='lat'><strong><em>2,</em></strong></span> <span class='ocrx_word' id='word_1_194' title='bbox 984 2164 1009 2215; x_wconf 78' lang='grc'><strong><em>6.</em></strong></span> <span class='ocrx_word' id='word_1_195' title='bbox 1036 2161 1159 2231; x_wconf 81' lang='lat' dir='ltr'><strong><em>dixerut,</em></strong></span> <span class='ocrx_word' id='word_1_196' title='bbox 1178 2168 1255 2234; x_wconf 74' lang='lat' dir='ltr'><strong><em>atquo</em></strong></span> 
     </span>
     <span class='ocr_line' id='line_1_23' title="bbox 281 2244 1009 2317; baseline -0.004 -14"><span class='ocrx_word' id='word_1_197' title='bbox 281 2250 352 2305; x_wconf 84' lang='lat' dir='ltr'><strong><em>haec</em></strong></span> <span class='ocrx_word' id='word_1_198' title='bbox 368 2248 428 2317; x_wconf 83' lang='lat' dir='ltr'><strong><em>ipsa</em></strong></span> <span class='ocrx_word' id='word_1_199' title='bbox 440 2246 512 2298; x_wconf 85' lang='lat' dir='ltr'><strong><em>inter</em></strong></span> <span class='ocrx_word' id='word_1_200' title='bbox 529 2250 705 2313; x_wconf 70' lang='lat' dir='ltr'><strong><em>repugnant.</em></strong></span> <span class='ocrx_word' id='word_1_201' title='bbox 741 2244 872 2311; x_wconf 74' lang='lat' dir='ltr'><strong><em>Quinctil.</em></strong></span> <span class='ocrx_word' id='word_1_202' title='bbox 887 2245 920 2310; x_wconf 81' lang='grc'><strong><em>6,</em></strong></span> <span class='ocrx_word' id='word_1_203' title='bbox 934 2244 967 2311; x_wconf 80' lang='lat' dir='ltr'><strong><em>t,</em></strong></span> <span class='ocrx_word' id='word_1_204' title='bbox 978 2246 1009 2300; x_wconf 71' lang='lat'><strong><em>3.</em></strong></span> 
     </span>
    </p>
   </div>
   <div class='ocr_carea' id='block_1_6' title="bbox 21 820 207 895">
    <p class='ocr_par' dir='ltr' id='par_1_9' title="bbox 21 820 207 895">
     <span class='ocr_line' id='line_1_24' title="bbox 21 820 207 895; baseline 0 -14"><span class='ocrx_word' id='word_1_205' title='bbox 21 844 91 895; x_wconf 66' lang='grc' dir='ltr'><strong><em>μοι·</em></strong></span> <span class='ocrx_word' id='word_1_206' title='bbox 110 842 159 883; x_wconf 58' lang='lat' dir='ltr'><strong><em>aa</em></strong></span> <span class='ocrx_word' id='word_1_207' title='bbox 170 820 207 875; x_wconf 70' lang='lat' dir='ltr'><strong><em>t.-</em></strong></span> 
     </span>
    </p>
   </div>
   <div class='ocr_carea' id='block_1_7' title="bbox 205 2346 1276 3014">
    <p class='ocr_par' dir='ltr' id='par_1_10' title="bbox 272 2346 1261 2849">
     <span class='ocr_line' id='line_1_25' title="bbox 315 2346 1257 2417; baseline -0.001 -11"><span class='ocrx_word' id='word_1_208' title='bbox 315 2353 386 2407; x_wconf 82' lang='lat' dir='ltr'><strong><em>Ptin.</em></strong></span> <span class='ocrx_word' id='word_1_209' title='bbox 404 2350 491 2417; x_wconf 77' lang='lat' dir='ltr'><strong><em>Epist.</em></strong></span> <span class='ocrx_word' id='word_1_210' title='bbox 510 2347 542 2412; x_wconf 90' lang='lat' dir='ltr'><strong><em>l,</em></strong></span> <span class='ocrx_word' id='word_1_211' title='bbox 564 2347 613 2411; x_wconf 80' lang='grc'><strong><em>26,</em></strong></span> <span class='ocrx_word' id='word_1_212' title='bbox 638 2346 681 2400; x_wconf 82' lang='grc'><strong><em>18.</em></strong></span> <span class='ocrx_word' id='word_1_213' title='bbox 703 2349 849 2416; x_wconf 72' lang='lat' dir='ltr'><strong><em>relinquere</em></strong></span> <span class='ocrx_word' id='word_1_214' title='bbox 866 2366 926 2400; x_wconf 85' lang='lat' dir='ltr'><strong><em>vero</em></strong></span> <span class='ocrx_word' id='word_1_215' title='bbox 952 2351 1069 2403; x_wconf 83' lang='lat' dir='ltr'><strong><em>aculeum</em></strong></span> <span class='ocrx_word' id='word_1_216' title='bbox 1090 2352 1120 2403; x_wconf 87' lang='lat' dir='ltr'><strong><em>in</em></strong></span> <span class='ocrx_word' id='word_1_217' title='bbox 1147 2352 1257 2405; x_wconf 64' lang='lat' dir='ltr'><strong><em>trudm-</em></strong></span> 
     </span>
     <span class='ocr_line' id='line_1_26' title="bbox 279 2433 1257 2507; baseline -0.005 -13"><span class='ocrx_word' id='word_1_218' title='bbox 279 2441 346 2494; x_wconf 85' lang='lat' dir='ltr'><strong><em>tium</em></strong></span> <span class='ocrx_word' id='word_1_219' title='bbox 366 2436 462 2488; x_wconf 80' lang='lat' dir='ltr'><strong><em>animis</em></strong></span> <span class='ocrx_word' id='word_1_220' title='bbox 489 2433 512 2484; x_wconf 85' lang='lat' dir='ltr'><strong><em>is</em></strong></span> <span class='ocrx_word' id='word_1_221' title='bbox 536 2433 639 2483; x_wconf 79' lang='lat' dir='ltr'><strong><em>donam</em></strong></span> <span class='ocrx_word' id='word_1_222' title='bbox 660 2438 760 2498; x_wconf 82' lang='lat' dir='ltr'><strong><em>potest,</em></strong></span> <span class='ocrx_word' id='word_1_223' title='bbox 792 2436 836 2500; x_wconf 87' lang='lat' dir='ltr'><strong><em>qui</em></strong></span> <span class='ocrx_word' id='word_1_224' title='bbox 857 2452 911 2485; x_wconf 89' lang='lat' dir='ltr'><strong><em>non</em></strong></span> <span class='ocrx_word' id='word_1_225' title='bbox 931 2437 1050 2504; x_wconf 84' lang='lat' dir='ltr'><strong><em>pungit,</em></strong></span> <span class='ocrx_word' id='word_1_226' title='bbox 1080 2436 1126 2487; x_wconf 83' lang='lat' dir='ltr'><strong><em>sed</em></strong></span> <span class='ocrx_word' id='word_1_227' title='bbox 1157 2437 1257 2507; x_wconf 80' lang='lat' dir='ltr'><strong><em>infigit.</em></strong></span> 
     </span>
     <span class='ocr_line' id='line_1_27' title="bbox 278 2515 1259 2591; baseline -0.002 -17"><span class='ocrx_word' id='word_1_228' title='bbox 278 2520 410 2591; x_wconf 78' lang='lat' dir='ltr'><strong><em>Quinctil.</em></strong></span> <span class='ocrx_word' id='word_1_229' title='bbox 425 2517 503 2582; x_wconf 79' lang='lat'>1‚3‚</span> <span class='ocrx_word' id='word_1_230' title='bbox 519 2515 543 2568; x_wconf 82' lang='grc'><strong><em>4.</em></strong></span> <span class='ocrx_word' id='word_1_231' title='bbox 566 2524 677 2584; x_wconf 82' lang='lat' dir='ltr'><strong><em>possunt</em></strong></span> <span class='ocrx_word' id='word_1_232' title='bbox 698 2524 787 2568; x_wconf 82' lang='lat' dir='ltr'><strong><em>autern</em></strong></span> <span class='ocrx_word' id='word_1_233' title='bbox 808 2519 837 2569; x_wconf 85' lang='lat' dir='ltr'><strong><em>id</em></strong></span> <span class='ocrx_word' id='word_1_234' title='bbox 861 2520 977 2584; x_wconf 87' lang='lat' dir='ltr'><strong><em>demum,</em></strong></span> <span class='ocrx_word' id='word_1_235' title='bbox 996 2520 1064 2587; x_wconf 89' lang='lat' dir='ltr'><strong><em>quod</em></strong></span> <span class='ocrx_word' id='word_1_236' title='bbox 1084 2519 1113 2570; x_wconf 86' lang='lat' dir='ltr'><strong><em>in</em></strong></span> <span class='ocrx_word' id='word_1_237' title='bbox 1135 2523 1259 2589; x_wconf 70' lang='lat' dir='ltr'><strong><em>proximo</em></strong></span> 
     </span>
     <span class='ocr_line' id='line_1_28' title="bbox 280 2600 1256 2672; baseline -0.004 -11"><span class='ocrx_word' id='word_1_238' title='bbox 280 2615 327 2661; x_wconf 89' lang='lat' dir='ltr'><strong><em>est.</em></strong></span> <span class='ocrx_word' id='word_1_239' title='bbox 344 2604 369 2657; x_wconf 94' lang='grc'><strong><em>6.</em></strong></span> <span class='ocrx_word' id='word_1_240' title='bbox 386 2620 489 2672; x_wconf 79' lang='lat' dir='ltr'><strong><em>paoem.</em></strong></span> <span class='ocrx_word' id='word_1_241' title='bbox 505 2600 547 2652; x_wconf 94' lang='lat' dir='ltr'><strong><em>ll.</em></strong></span> <span class='ocrx_word' id='word_1_242' title='bbox 566 2602 594 2651; x_wconf 86' lang='lat' dir='ltr'><strong><em>ia</em></strong></span> <span class='ocrx_word' id='word_1_243' title='bbox 612 2609 783 2669; x_wconf 86' lang='lat' dir='ltr'><strong><em>utrocumque</em></strong></span> <span class='ocrx_word' id='word_1_244' title='bbox 797 2602 892 2671; x_wconf 83' lang='lat' dir='ltr'><strong><em>lingua</em></strong></span> <span class='ocrx_word' id='word_1_245' title='bbox 915 2610 1052 2671; x_wconf 86' lang='lat' dir='ltr'><strong><em>tamquam</em></strong></span> <span class='ocrx_word' id='word_1_246' title='bbox 1074 2604 1112 2655; x_wconf 87' lang='lat' dir='ltr'><strong><em>ad</em></strong></span> <span class='ocrx_word' id='word_1_247' title='bbox 1134 2620 1196 2656; x_wconf 87' lang='lat' dir='ltr'><strong><em>eam</em></strong></span> <span class='ocrx_word' id='word_1_248' title='bbox 1214 2606 1256 2657; x_wconf 85' lang='lat' dir='ltr'><strong><em>de-</em></strong></span> 
     </span>
     <span class='ocr_line' id='line_1_29' title="bbox 272 2685 1257 2755; baseline -0.002 -11"><span class='ocrx_word' id='word_1_249' title='bbox 272 2708 350 2745; x_wconf 85' lang='lat' dir='ltr'><strong><em>mum</em></strong></span> <span class='ocrx_word' id='word_1_250' title='bbox 372 2696 451 2741; x_wconf 88' lang='lat' dir='ltr'><strong><em>natus</em></strong></span> <span class='ocrx_word' id='word_1_251' title='bbox 474 2693 553 2749; x_wconf 82' lang='lat' dir='ltr'><strong><em>esset,</em></strong></span> <span class='ocrx_word' id='word_1_252' title='bbox 572 2703 692 2753; x_wconf 75' lang='lat' dir='ltr'><strong><em>represso</em></strong></span> <span class='ocrx_word' id='word_1_253' title='bbox 712 2687 862 2755; x_wconf 81' lang='lat' dir='ltr'><strong><em>propriatm</em></strong></span> <span class='ocrx_word' id='word_1_254' title='bbox 884 2687 997 2740; x_wconf 82' lang='lat' dir='ltr'><strong><em>omniurn</em></strong></span> <span class='ocrx_word' id='word_1_255' title='bbox 1018 2685 1181 2739; x_wconf 85' lang='lat' dir='ltr'><strong><em>litterarum.</em></strong></span> <span class='ocrx_word' id='word_1_256' title='bbox 1199 2688 1219 2741; x_wconf 84' lang='lat' dir='ltr'><strong><em>i.</em></strong></span> <span class='ocrx_word' id='word_1_257' title='bbox 1234 2706 1257 2742; x_wconf 86' lang='lat' dir='ltr'><strong><em>c.</em></strong></span> 
     </span>
     <span class='ocr_line' id='line_1_30' title="bbox 273 2769 1261 2849; baseline -0.001 -21"><span class='ocrx_word' id='word_1_258' title='bbox 273 2781 326 2845; x_wconf 68' lang='lat' dir='ltr'><strong><em>fir</em></strong></span> <span class='ocrx_word' id='word_1_259' title='bbox 341 2776 410 2826; x_wconf 78' lang='lat' dir='ltr'><strong><em>diere</em></strong></span> <span class='ocrx_word' id='word_1_260' title='bbox 424 2775 494 2824; x_wconf 81' lang='lat' dir='ltr'><strong><em>eben.</em></strong></span> <span class='ocrx_word' id='word_1_261' title='bbox 529 2770 656 2821; x_wconf 84' lang='lat' dir='ltr'><strong><em>Edictum</em></strong></span> <span class='ocrx_word' id='word_1_262' title='bbox 677 2770 786 2849; x_wconf 57' lang='lat' dir='ltr'><strong><em>deraso</em></strong></span> <span class='ocrx_word' id='word_1_263' title='bbox 810 2770 882 2838; x_wconf 85' lang='lat' dir='ltr'><strong><em>opud</em></strong></span> <span class='ocrx_word' id='word_1_264' title='bbox 897 2769 967 2822; x_wconf 79' lang='lat' dir='ltr'><strong><em>Ptin.</em></strong></span> <span class='ocrx_word' id='word_1_265' title='bbox 989 2771 1041 2838; x_wconf 88' lang='lat' dir='ltr'><strong><em>Ep.</em></strong></span> <span class='ocrx_word' id='word_1_266' title='bbox 1058 2771 1108 2834; x_wconf 87' lang='grc'><strong><em>16,</em></strong></span> <span class='ocrx_word' id='word_1_267' title='bbox 1125 2770 1171 2825; x_wconf 90' lang='grc'><strong><em>66.</em></strong></span> <span class='ocrx_word' id='word_1_268' title='bbox 1191 2778 1261 2827; x_wconf 60' lang='lat' dir='ltr'><strong><em>extr:</em></strong></span> 
     </span>
    </p>

    <p class='ocr_par' dir='ltr' id='par_1_11' title="bbox 205 2855 1276 3014">
     <span class='ocr_line' id='line_1_31' title="bbox 205 2855 1261 2927; baseline 0 -16"><span class='ocrx_word' id='word_1_269' title='bbox 205 2878 211 2901; x_wconf 70' lang='lat'><em>³</em></span> <span class='ocrx_word' id='word_1_270' title='bbox 277 2862 314 2927; x_wconf 92' lang='lat'><strong><em>1,</em></strong></span> <span class='ocrx_word' id='word_1_271' title='bbox 338 2858 369 2924; x_wconf 82' lang='lat'><strong><em>8,</em></strong></span> <span class='ocrx_word' id='word_1_272' title='bbox 389 2857 415 2910; x_wconf 90' lang='grc'><strong><em>6.</em></strong></span> <span class='ocrx_word' id='word_1_273' title='bbox 442 2864 519 2927; x_wconf 88' lang='lat' dir='ltr'><strong><em>atquc</em></strong></span> <span class='ocrx_word' id='word_1_274' title='bbox 545 2872 577 2906; x_wconf 88' lang='lat' dir='ltr'><strong><em>co</em></strong></span> <span class='ocrx_word' id='word_1_275' title='bbox 601 2855 703 2906; x_wconf 86' lang='lat' dir='ltr'><strong><em>demum</em></strong></span> <span class='ocrx_word' id='word_1_276' title='bbox 724 2864 792 2907; x_wconf 86' lang='lat' dir='ltr'><strong><em>reate</em></strong></span> <span class='ocrx_word' id='word_1_277' title='bbox 808 2858 888 2919; x_wconf 81' lang='lat' dir='ltr'><strong><em>facta</em></strong></span> <span class='ocrx_word' id='word_1_278' title='bbox 914 2855 1000 2906; x_wconf 86' lang='lat' dir='ltr'><strong><em>minas</em></strong></span> <span class='ocrx_word' id='word_1_279' title='bbox 1026 2857 1213 2924; x_wconf 73' lang='lat' dir='ltr'><strong><em>detorquemus</em></strong></span> <span class='ocrx_word' id='word_1_280' title='bbox 1234 2866 1261 2911; x_wconf 85' lang='lat' dir='ltr'><strong><em>et</em></strong></span> 
     </span>
     <span class='ocr_line' id='line_1_32' title="bbox 280 2926 1276 3014; baseline -0.001 -17"><span class='ocrx_word' id='word_1_281' title='bbox 280 2947 428 3014; x_wconf 78' lang='lat' dir='ltr'><strong><em>carpimus,</em></strong></span> <span class='ocrx_word' id='word_1_282' title='bbox 455 2957 521 3012; x_wconf 90' lang='lat' dir='ltr'><strong><em>quae</em></strong></span> <span class='ocrx_word' id='word_1_283' title='bbox 544 2939 573 2992; x_wconf 86' lang='lat' dir='ltr'><strong><em>in</em></strong></span> <span class='ocrx_word' id='word_1_284' title='bbox 595 2938 753 3013; x_wconf 63' lang='lat' dir='ltr'><strong><em>obscuritate</em></strong></span> <span class='ocrx_word' id='word_1_285' title='bbox 778 2948 804 2994; x_wconf 87' lang='lat' dir='ltr'><strong><em>ct</em></strong></span> <span class='ocrx_word' id='word_1_286' title='bbox 833 2940 937 2993; x_wconf 83' lang='lat' dir='ltr'><strong><em>silentio</em></strong></span> <span class='ocrx_word' id='word_1_287' title='bbox 965 2946 1139 3009; x_wconf 67' lang='lat' dir='ltr'><strong><em>reponuntur.</em></strong></span> <span class='ocrx_word' id='word_1_288' title='bbox 1183 2926 1276 2997; x_wconf 44' lang='grc' dir='ltr'><strong><em>θυι(</em></strong></span> 
     </span>
    </p>
   </div>
   <div class='ocr_carea' id='block_1_8' title="bbox 277 3028 400 3096">
    <p class='ocr_par' dir='ltr' id='par_1_12' title="bbox 277 3028 400 3096">
     <span class='ocr_line' id='line_1_33' title="bbox 277 3028 400 3096; baseline -0.016 -14"><span class='ocrx_word' id='word_1_289' title='bbox 277 3028 400 3096; x_wconf 76' lang='lat' dir='ltr'><strong><em>1,a‚o.</em></strong></span> 
     </span>
    </p>
   </div>
   <div class='ocr_carea' id='block_1_9' title="bbox 277 3124 1259 3282">
    <p class='ocr_par' dir='ltr' id='par_1_13' title="bbox 277 3124 1259 3282">
     <span class='ocr_line' id='line_1_34' title="bbox 313 3124 1259 3200; baseline -0.001 -16"><span class='ocrx_word' id='word_1_290' title='bbox 313 3124 403 3184; x_wconf 80' lang='lat' dir='ltr'><strong><em>Plani.</em></strong></span> <span class='ocrx_word' id='word_1_291' title='bbox 421 3132 499 3200; x_wconf 79' lang='lat' dir='ltr'><strong><em>eapt.</em></strong></span> <span class='ocrx_word' id='word_1_292' title='bbox 517 3130 550 3196; x_wconf 91' lang='lat'><strong><em>1,</em></strong></span> <span class='ocrx_word' id='word_1_293' title='bbox 568 3130 602 3195; x_wconf 87' lang='lat'><strong><em>2,</em></strong></span> <span class='ocrx_word' id='word_1_294' title='bbox 621 3127 663 3182; x_wconf 82' lang='lat'><strong><em>19.</em></strong></span> <span class='ocrx_word' id='word_1_295' title='bbox 685 3128 761 3180; x_wconf 86' lang='lat' dir='ltr'><strong><em>nulla</em></strong></span> <span class='ocrx_word' id='word_1_296' title='bbox 775 3126 917 3181; x_wconf 80' lang='lat' dir='ltr'><strong><em>iuventutis</em></strong></span> <span class='ocrx_word' id='word_1_297' title='bbox 942 3134 980 3182; x_wconf 89' lang='lat' dir='ltr'><strong><em>est</em></strong></span> <span class='ocrx_word' id='word_1_298' title='bbox 1001 3147 1060 3200; x_wconf 79' lang='lat' dir='ltr'><strong><em>spes</em></strong></span> <span class='ocrx_word' id='word_1_299' title='bbox 1068 3128 1087 3181; x_wconf 71' lang='grc' dir='ltr'><strong><em>τ’</em></strong></span> <span class='ocrx_word' id='word_1_300' title='bbox 1095 3128 1151 3183; x_wconf 63' lang='lat' dir='ltr'><strong><em>sese*</em></strong></span> <span class='ocrx_word' id='word_1_301' title='bbox 1169 3146 1259 3183; x_wconf 75' lang='lat' dir='ltr'><strong><em>omnes</em></strong></span> 
     </span>
     <span class='ocr_line' id='line_1_35' title="bbox 277 3214 1057 3282; baseline -0.003 -12"><span class='ocrx_word' id='word_1_302' title='bbox 277 3224 386 3270; x_wconf 80' lang='lat' dir='ltr'><strong><em>amant.-</em></strong></span> <span class='ocrx_word' id='word_1_303' title='bbox 405 3217 566 3268; x_wconf 85' lang='lat' dir='ltr'><strong><em>itle·demum</em></strong></span> <span class='ocrx_word' id='word_1_304' title='bbox 583 3215 696 3282; x_wconf 85' lang='lat' dir='ltr'><strong><em>antiquis</em></strong></span> <span class='ocrx_word' id='word_1_305' title='bbox 712 3222 748 3266; x_wconf 85' lang='lat' dir='ltr'><strong><em>est</em></strong></span> <span class='ocrx_word' id='word_1_306' title='bbox 768 3214 917 3265; x_wconf 83' lang='lat' dir='ltr'><strong><em>adolescens</em></strong></span> <span class='ocrx_word' id='word_1_307' title='bbox 934 3216 1057 3268; x_wconf 85' lang='lat' dir='ltr'><strong><em>moribus.</em></strong></span> 
     </span>
    </p>
   </div>
   <div class='ocr_carea' id='block_1_10' title="bbox 274 3294 1259 3811">
    <p class='ocr_par' dir='ltr' id='par_1_14' title="bbox 274 3294 1259 3811">
     <span class='ocr_line' id='line_1_36' title="bbox 312 3294 1259 3386; baseline -0.005 -14"><span class='ocrx_word' id='word_1_308' title='bbox 312 3320 404 3372; x_wconf 81' lang='lat' dir='ltr'><strong><em>Plaut.</em></strong></span> <span class='ocrx_word' id='word_1_309' title='bbox 431 3318 535 3370; x_wconf 81' lang='lat' dir='ltr'><strong>Bacch.</strong></span> <span class='ocrx_word' id='word_1_310' title='bbox 557 3316 590 3382; x_wconf 80' lang='grc'>5,</span> <span class='ocrx_word' id='word_1_311' title='bbox 613 3316 647 3381; x_wconf 91' lang='grc'>1,</span> <span class='ocrx_word' id='word_1_312' title='bbox 670 3316 712 3369; x_wconf 83' lang='grc'><strong><em>13.</em></strong></span> <span class='ocrx_word' id='word_1_313' title='bbox 738 3317 802 3381; x_wconf 80' lang='lat' dir='ltr'><strong><em>doc,</em></strong></span> <span class='ocrx_word' id='word_1_314' title='bbox 822 3317 870 3367; x_wconf 78' lang='lat' dir='ltr'><strong><em>noc</em></strong></span> <span class='ocrx_word' id='word_1_315' title='bbox 885 3322 922 3367; x_wconf 91' lang='lat' dir='ltr'><strong><em>est</em></strong></span> <span class='ocrx_word' id='word_1_316' title='bbox 942 3319 1010 3384; x_wconf 91' lang='lat' dir='ltr'><strong><em>quod</em></strong></span> <span class='ocrx_word' id='word_1_317' title='bbox 1029 3294 1193 3386; x_wconf 70' lang='lat' dir='ltr'><strong><em>percecinit,</em></strong></span> <span class='ocrx_word' id='word_1_318' title='bbox 1210 3317 1259 3369; x_wconf 81' lang='lat' dir='ltr'><strong><em>icoc</em></strong></span> 
     </span>
     <span class='ocr_line' id='line_1_37' title="bbox 276 3400 1259 3471; baseline -0.006 -12"><span class='ocrx_word' id='word_1_319' title='bbox 276 3414 314 3460; x_wconf 81' lang='lat' dir='ltr'><strong><em>est</em></strong></span> <span class='ocrx_word' id='word_1_320' title='bbox 334 3407 437 3457; x_wconf 89' lang='lat' dir='ltr'><strong><em>demum</em></strong></span> <span class='ocrx_word' id='word_1_321' title='bbox 465 3403 532 3471; x_wconf 89' lang='lat' dir='ltr'><strong><em>quod</em></strong></span> <span class='ocrx_word' id='word_1_322' title='bbox 555 3400 712 3470; x_wconf 82' lang='lat' dir='ltr'><strong><em>peraracior.</em></strong></span> <span class='ocrx_word' id='word_1_323' title='bbox 753 3400 851 3468; x_wconf 68' lang='lat' dir='ltr'><strong><em>virgil.</em></strong></span> <span class='ocrx_word' id='word_1_324' title='bbox 873 3401 940 3453; x_wconf 81' lang='lat' dir='ltr'><strong><em>Aca.</em></strong></span> <span class='ocrx_word' id='word_1_325' title='bbox 962 3403 994 3466; x_wconf 91' lang='lat'><strong><em>1,</em></strong></span> <span class='ocrx_word' id='word_1_326' title='bbox 1009 3401 1068 3455; x_wconf 84' lang='grc'><strong><em>628,</em></strong></span> <span class='ocrx_word' id='word_1_327' title='bbox 1094 3420 1135 3454; x_wconf 90' lang='lat' dir='ltr'><strong><em>me</em></strong></span> <span class='ocrx_word' id='word_1_328' title='bbox 1157 3418 1259 3471; x_wconf 85' lang='lat' dir='ltr'><strong><em>quoque</em></strong></span> 
     </span>
     <span class='ocr_line' id='line_1_38' title="bbox 274 3485 1259 3560; baseline -0.001 -20"><span class='ocrx_word' id='word_1_329' title='bbox 274 3506 325 3560; x_wconf 79' lang='lat' dir='ltr'><strong><em>per</em></strong></span> <span class='ocrx_word' id='word_1_330' title='bbox 339 3489 433 3540; x_wconf 85' lang='lat' dir='ltr'><strong><em>multos</em></strong></span> <span class='ocrx_word' id='word_1_331' title='bbox 449 3487 541 3538; x_wconf 79' lang='lat' dir='ltr'><strong><em>similis</em></strong></span> <span class='ocrx_word' id='word_1_332' title='bbox 560 3490 675 3552; x_wconf 75' lang='lat' dir='ltr'><strong><em>fortuna</em></strong></span> <span class='ocrx_word' id='word_1_333' title='bbox 698 3485 799 3536; x_wconf 82' lang='lat' dir='ltr'><strong><em>laboras</em></strong></span> <span class='ocrx_word' id='word_1_334' title='bbox 823 3485 951 3537; x_wconf 84' lang='lat' dir='ltr'><strong><em>iactatam</em></strong></span> <span class='ocrx_word' id='word_1_335' title='bbox 974 3488 1025 3538; x_wconf 79' lang='lat' dir='ltr'><strong><em>hac</em></strong></span> <span class='ocrx_word' id='word_1_336' title='bbox 1048 3488 1151 3539; x_wconf 87' lang='lat' dir='ltr'><strong><em>demum</em></strong></span> <span class='ocrx_word' id='word_1_337' title='bbox 1172 3486 1259 3539; x_wconf 76' lang='lat' dir='ltr'><strong><em>uoluit</em></strong></span> 
     </span>
     <span class='ocr_line' id='line_1_39' title="bbox 277 3562 1256 3639; baseline -0.004 -12"><span class='ocrx_word' id='word_1_338' title='bbox 277 3574 416 3627; x_wconf 70' lang='lat' dir='ltr'><strong><em>consistere</em></strong></span> <span class='ocrx_word' id='word_1_339' title='bbox 437 3579 518 3624; x_wconf 86' lang='lat' dir='ltr'><strong><em>terro.</em></strong></span> <span class='ocrx_word' id='word_1_340' title='bbox 546 3571 563 3622; x_wconf 90' lang='lat' dir='ltr'><strong><em>i.</em></strong></span> <span class='ocrx_word' id='word_1_341' title='bbox 581 3589 604 3622; x_wconf 85' lang='lat' dir='ltr'><strong><em>e.</em></strong></span> <span class='ocrx_word' id='word_1_342' title='bbox 629 3562 717 3639; x_wconf 83' lang='lat' dir='ltr'><strong><em>grade</em></strong></span> <span class='ocrx_word' id='word_1_343' title='bbox 738 3569 766 3619; x_wconf 88' lang='lat' dir='ltr'><strong><em>in</em></strong></span> <span class='ocrx_word' id='word_1_344' title='bbox 791 3570 886 3620; x_wconf 83' lang='lat' dir='ltr'><strong><em>diesem</em></strong></span> <span class='ocrx_word' id='word_1_345' title='bbox 911 3570 1012 3622; x_wconf 69' lang='lat' dir='ltr'><strong><em>Laride.</em></strong></span> <span class='ocrx_word' id='word_1_346' title='bbox 1046 3570 1106 3624; x_wconf 89' lang='lat' dir='ltr'><strong><em>Liv.</em></strong></span> <span class='ocrx_word' id='word_1_347' title='bbox 1130 3570 1162 3636; x_wconf 88' lang='lat'><strong><em>1,</em></strong></span> <span class='ocrx_word' id='word_1_348' title='bbox 1177 3567 1214 3635; x_wconf 81' lang='lat'><strong><em>5,</em></strong></span> <span class='ocrx_word' id='word_1_349' title='bbox 1229 3568 1256 3623; x_wconf 87' lang='grc'><strong><em>6.</em></strong></span> 
     </span>
     <span class='ocr_line' id='line_1_40' title="bbox 275 3654 1257 3726; baseline -0.005 -14"><span class='ocrx_word' id='word_1_350' title='bbox 275 3658 480 3726; x_wconf 61' lang='lat' dir='ltr'><strong><em>sciscitandoque</em></strong></span> <span class='ocrx_word' id='word_1_351' title='bbox 491 3675 520 3708; x_wconf 92' lang='lat' dir='ltr'><strong><em>eo</em></strong></span> <span class='ocrx_word' id='word_1_352' title='bbox 531 3656 633 3708; x_wconf 86' lang='lat' dir='ltr'><strong><em>demum</em></strong></span> <span class='ocrx_word' id='word_1_353' title='bbox 646 3654 781 3722; x_wconf 84' lang='lat' dir='ltr'><strong><em>peruenit,</em></strong></span> <span class='ocrx_word' id='word_1_354' title='bbox 800 3654 918 3705; x_wconf 80' lang='lat' dir='ltr'><strong><em>athoud</em></strong></span> <span class='ocrx_word' id='word_1_355' title='bbox 930 3656 1023 3722; x_wconf 80' lang='lat' dir='ltr'><strong><em>procul</em></strong></span> <span class='ocrx_word' id='word_1_356' title='bbox 1038 3663 1112 3718; x_wconf 81' lang='lat' dir='ltr'><strong><em>esset,</em></strong></span> <span class='ocrx_word' id='word_1_357' title='bbox 1130 3657 1196 3724; x_wconf 85' lang='lat' dir='ltr'><strong><em>quin</em></strong></span> <span class='ocrx_word' id='word_1_358' title='bbox 1202 3656 1257 3707; x_wconf 82' lang='lat' dir='ltr'><strong><em>Re-</em></strong></span> 
     </span>
     <span class='ocr_line' id='line_1_41' title="bbox 278 3732 1256 3811; baseline -0.004 -16"><span class='ocrx_word' id='word_1_359' title='bbox 278 3761 349 3796; x_wconf 88' lang='lat' dir='ltr'><strong><em>mum</em></strong></span> <span class='ocrx_word' id='word_1_360' title='bbox 369 3748 530 3811; x_wconf 77' lang='lat' dir='ltr'><strong><em>agnosceret.</em></strong></span> <span class='ocrx_word' id='word_1_361' title='bbox 574 3738 616 3791; x_wconf 87' lang='lat' dir='ltr'><strong><em>Ita</em></strong></span> <span class='ocrx_word' id='word_1_362' title='bbox 640 3732 714 3790; x_wconf 85' lang='lat' dir='ltr'><strong><em>onim</em></strong></span> <span class='ocrx_word' id='word_1_363' title='bbox 734 3734 908 3791; x_wconf 82' lang='lat' dir='ltr'><strong><em>scribendum</em></strong></span> <span class='ocrx_word' id='word_1_364' title='bbox 928 3746 984 3804; x_wconf 84' lang='lat' dir='ltr'><strong><em>est,</em></strong></span> <span class='ocrx_word' id='word_1_365' title='bbox 1007 3754 1061 3792; x_wconf 86' lang='lat' dir='ltr'><strong><em>non</em></strong></span> <span class='ocrx_word' id='word_1_366' title='bbox 1076 3735 1173 3792; x_wconf 87' lang='lat' dir='ltr'><strong><em>eodem.</em></strong></span> <span class='ocrx_word' id='word_1_367' title='bbox 1200 3737 1256 3791; x_wconf 73' lang='lat' dir='ltr'><strong><em>vict</em></strong></span> 
     </span>
    </p>
   </div>
   <div class='ocr_carea' id='block_1_11' title="bbox 273 3821 641 3887">
    <p class='ocr_par' dir='ltr' id='par_1_15' title="bbox 273 3821 641 3887">
     <span class='ocr_line' id='line_1_42' title="bbox 273 3821 641 3887; baseline -0.014 -7"><span class='ocrx_word' id='word_1_368' title='bbox 273 3826 412 3881; x_wconf 83' lang='lat' dir='ltr'><strong><em>Drakenb.</em></strong></span> <span class='ocrx_word' id='word_1_369' title='bbox 431 3826 466 3878; x_wconf 82' lang='lat' dir='ltr'><strong><em>nd</em></strong></span> <span class='ocrx_word' id='word_1_370' title='bbox 482 3823 529 3887; x_wconf 82' lang='grc'>32,</span> <span class='ocrx_word' id='word_1_371' title='bbox 548 3821 599 3887; x_wconf 79' lang='grc'>14,</span> <span class='ocrx_word' id='word_1_372' title='bbox 615 3823 641 3875; x_wconf 89' lang='grc'><strong><em>2.</em></strong></span> 
     </span>
    </p>
   </div>
   <div class='ocr_carea' id='block_1_12' title="bbox 273 3921 1257 4249">
    <p class='ocr_par' dir='ltr' id='par_1_16' title="bbox 273 3921 1257 4249">
     <span class='ocr_line' id='line_1_43' title="bbox 311 3921 1257 3998; baseline -0.005 -16"><span class='ocrx_word' id='word_1_373' title='bbox 311 3929 441 3998; x_wconf 80' lang='lat' dir='ltr'><strong><em>Quinctil.</em></strong></span> <span class='ocrx_word' id='word_1_374' title='bbox 457 3928 490 3990; x_wconf 91' lang='lat'><strong><em>1,</em></strong></span> <span class='ocrx_word' id='word_1_375' title='bbox 507 3925 557 3988; x_wconf 83' lang='lat' dir='ltr'><strong><em>lt,</em></strong></span> <span class='ocrx_word' id='word_1_376' title='bbox 573 3921 598 3976; x_wconf 80' lang='lat'><strong><em>5.</em></strong></span> <span class='ocrx_word' id='word_1_377' title='bbox 617 3925 761 3993; x_wconf 83' lang='lat' dir='ltr'><strong><em>sapientem</em></strong></span> <span class='ocrx_word' id='word_1_378' title='bbox 769 3929 919 3991; x_wconf 80' lang='lat' dir='ltr'><strong><em>formantes</em></strong></span> <span class='ocrx_word' id='word_1_379' title='bbox 939 3954 973 3966; x_wconf 88' lang='lat'><strong><em>—-</em></strong></span> <span class='ocrx_word' id='word_1_380' title='bbox 991 3942 1044 3975; x_wconf 90' lang='lat' dir='ltr'><strong><em>non</em></strong></span> <span class='ocrx_word' id='word_1_381' title='bbox 1062 3926 1139 3977; x_wconf 84' lang='lat' dir='ltr'><strong><em>modo</em></strong></span> <span class='ocrx_word' id='word_1_382' title='bbox 1161 3926 1257 3995; x_wconf 77' lang='lat' dir='ltr'><strong><em>cogni-</em></strong></span> 
     </span>
     <span class='ocr_line' id='line_1_44' title="bbox 276 4010 1255 4081; baseline -0.006 -13"><span class='ocrx_word' id='word_1_383' title='bbox 276 4014 347 4069; x_wconf 90' lang='lat' dir='ltr'><strong><em>tione</em></strong></span> <span class='ocrx_word' id='word_1_384' title='bbox 368 4012 513 4066; x_wconf 82' lang='lat' dir='ltr'><strong><em>coeleetium</em></strong></span> <span class='ocrx_word' id='word_1_385' title='bbox 535 4010 576 4061; x_wconf 87' lang='lat' dir='ltr'><strong><em>acl</em></strong></span> <span class='ocrx_word' id='word_1_386' title='bbox 599 4010 751 4062; x_wconf 83' lang='lat' dir='ltr'><strong><em>mortalium</em></strong></span> <span class='ocrx_word' id='word_1_387' title='bbox 778 4016 877 4078; x_wconf 82' lang='lat' dir='ltr'><strong><em>patant</em></strong></span> <span class='ocrx_word' id='word_1_388' title='bbox 908 4010 1104 4073; x_wconf 81' lang='lat' dir='ltr'><strong><em>instruendum,</em></strong></span> <span class='ocrx_word' id='word_1_389' title='bbox 1128 4011 1178 4081; x_wconf 80' lang='lat' dir='ltr'><strong><em>sed</em></strong></span> <span class='ocrx_word' id='word_1_390' title='bbox 1205 4027 1255 4079; x_wconf 83' lang='lat' dir='ltr'><strong><em>par</em></strong></span> 
     </span>
     <span class='ocr_line' id='line_1_45' title="bbox 276 4089 1255 4170; baseline -0.005 -18"><span class='ocrx_word' id='word_1_391' title='bbox 276 4101 409 4170; x_wconf 83' lang='lat' dir='ltr'><strong><em>quaedam</em></strong></span> <span class='ocrx_word' id='word_1_392' title='bbox 427 4112 517 4165; x_wconf 82' lang='lat' dir='ltr'><strong><em>paroc</em></strong></span> <span class='ocrx_word' id='word_1_393' title='bbox 536 4110 615 4160; x_wconf 82' lang='lat' dir='ltr'><strong><em>sone,</em></strong></span> <span class='ocrx_word' id='word_1_394' title='bbox 648 4094 671 4145; x_wconf 84' lang='lat' dir='ltr'><strong><em>si</em></strong></span> <span class='ocrx_word' id='word_1_395' title='bbox 686 4094 746 4163; x_wconf 82' lang='lat' dir='ltr'><strong><em>ipsa</em></strong></span> <span class='ocrx_word' id='word_1_396' title='bbox 768 4089 871 4148; x_wconf 86' lang='lat' dir='ltr'><strong><em>demum</em></strong></span> <span class='ocrx_word' id='word_1_397' title='bbox 896 4094 1033 4159; x_wconf 84' lang='lat' dir='ltr'><strong><em>aestimes,</em></strong></span> <span class='ocrx_word' id='word_1_398' title='bbox 1058 4094 1165 4151; x_wconf 82' lang='lat' dir='ltr'><strong><em>ducunt.</em></strong></span> <span class='ocrx_word' id='word_1_399' title='bbox 1192 4094 1255 4149; x_wconf 69' lang='lat' dir='ltr'><strong><em>ia.</em></strong></span> 
     </span>
     <span class='ocr_line' id='line_1_46' title="bbox 273 4174 772 4249; baseline -0.016 -10"><span class='ocrx_word' id='word_1_400' title='bbox 273 4201 349 4240; x_wconf 84' lang='lat' dir='ltr'><strong><em>uena</em></strong></span> <span class='ocrx_word' id='word_1_401' title='bbox 366 4198 430 4235; x_wconf 85' lang='lat' dir='ltr'><strong><em>man</em></strong></span> <span class='ocrx_word' id='word_1_402' title='bbox 447 4180 486 4232; x_wconf 76' lang='lat' dir='ltr'><strong><em>ric</em></strong></span> <span class='ocrx_word' id='word_1_403' title='bbox 500 4195 537 4249; x_wconf 85' lang='lat' dir='ltr'><strong><em>an</em></strong></span> <span class='ocrx_word' id='word_1_404' title='bbox 552 4176 613 4230; x_wconf 77' lang='lat' dir='ltr'><strong><em>ridi</em></strong></span> <span class='ocrx_word' id='word_1_405' title='bbox 622 4174 772 4232; x_wconf 75' lang='lat' dir='ltr'><strong><em>benachtet.</em></strong></span> 
     </span>
    </p>
   </div>
   <div class='ocr_carea' id='block_1_13' title="bbox 0 0 1314 4770">
    <p class='ocr_par' dir='ltr' id='par_1_17' title="bbox 0 0 1314 4770">
     <span class='ocr_line' id='line_1_47' title="bbox 0 0 1314 4770; baseline 0 1"><span class='ocrx_word' id='word_1_406' title='bbox 0 0 1314 4770; x_wconf 95' lang='lat' dir='ltr'><strong><em> </em></strong></span> 
     </span>
    </p>
   </div>
  </div>
 </body>
</html>
