2618 4770
618 281 689 345 EX·
1008 314 1012 321 ·
1119 296 1181 357 oso

200 437 320 488 Mctcitar
349 430 443 486 tabuit
464 441 490 485 rt
508 450 541 485 cx
561 434 603 484 tris
623 435 718 500 copiis,
736 454 803 502 prae
817 430 836 493 'a
849 441 925 492 natta
942 442 1058 508 qnotidie
1075 462 1180 514 compa.

200 529 311 582 raatur‚
337 536 496 589 magnopere
511 526 651 570 contemno.
686 519 764 569 Haeo
788 522 876 576 critici
896 531 1040 579 mutarunt
1055 530 1102 580 vei
1118 548 1179 583 cum

199 606 309 657 Mureto
332 610 357 655 ot
377 603 520 677 gallicanis
540 603 688 671 legionibus
702 630 736 639 -
751 610 775 654 et
790 605 830 657 tu's
840 610 940 685 sopiit,
968 613 1015 666 vet
1028 628 1096 680 prae
1109 617 1177 683 golt.

200 690 253 756 leg.
296 686 358 738 Iure
382 685 522 752 antiquam
544 685 708 752 scripturam
734 684 853 759 restitpit
874 693 1044 762 Benecicius,
1081 698 1178 765 sedin

199 771 362 840 explicanda
375 788 409 823 on
423 786 477 825 uon
494 767 560 823 sutis
578 770 701 823 distinxit
714 770 843 831 rationes.
1014 772 1017 779 '

216 880 247 937 9.
272 871 372 952 Quod
390 871 532 956 aliquam
548 872 693 957 speeiem
710 882 766 936 unt
780 871 924 941 formam
938 880 1057 963 refert,
1079 883 1176 949 alieni

126 960 178 1025 rei
194 961 261 1023 sive
279 958 434 1044 exemplo
451 958 739 1021 accommodatam
753 962 1025 1049 estpatqueexeo
1038 964 1174 1049 pro‘iiire

126 1046 271 1109 videtur.
320 1046 431 1123 Quare
453 1043 653 1129 praepositio
671 1066 712 1107 err
727 1043 768 1109 de
786 1045 941 1133 exemplo
948 1084 960 1129 ,
982 1069 1080 1133 equo
1096 1056 1173 1118 imi.

129 1133 212 1200 totio
232 1131 392 1218 pendeat,
413 1128 550 1217 proprie
571 1137 759 1214 usurpatur.-

232 1250 323 1303 Plaut.
339 1248 424 1300 Stich.
441 1248 465 1312 l,
481 1246 505 1312 ³,
520 1244 579 1298 115.
611 1249 683 1301 retia
706 1256 736 1301 at
752 1251 844 1313 facete
865 1254 944 1318 utque
961 1268 995 1303 ex
1007 1214 1175 1321 picturand-

195 1337 286 1389 stitit?
314 1332 483 1401 lntofligitur
499 1330 545 1399 qui
561 1333 709 1403 graphioni
723 1332 799 1384 nudit
816 1332 897 1400 Epid.
913 1332 939 1399 ὅ,
954 1333 979 1400 4,
997 1335 1050 1389 29.-

232 1436 289 1489 cic.
305 1429 338 1488 do
351 1435 413 1488 Nat.
430 1430 490 1498 d.1‚
506 1433 549 1498 38,
566 1433 626 1486 lot.
648 1451 713 1486 nam
729 1432 792 1501 qnid
808 1441 861 1498 est,
882 1438 952 1503 quod
966 1439 1053 1491 minae
1065 1443 1176 1509 predari

195 1522 292 1592 possit,
309 1538 387 1588 quam
398 1520 530 1571 hominum
545 1521 573 1570 in
587 1536 628 1570 rac
638 1508 753 1573 incidere
768 1519 915 1589 imagines,
931 1522 1055 1587 Horaeri,
1080 1526 1176 1577 Archi-

198 1607 281 1668 lochi,
303 1605 426 1668 Romuli,
445 1600 563 1667 Nomas,
585 1603 771 1672 Pythagorae,
796 1602 931 1669 Plutonis,
956 1625 1003 1659 neo
1026 1625 1057 1660 er
1073 1612 1175 1674 formu,

197 1707 249 1759 pua
264 1690 305 1740 illi
315 1687 448 1750 fueruat?
467 1687 564 1741 critici
580 1693 684 1741 tentum
697 1704 749 1739 non
767 1702 862 1740 omnes
877 1689 1019 1760 corrigunt
1030 1709 1062 1745 an
1073 1695 1174 1759 forma,

196 1779 306 1841 praeter
322 1766 520 1825 necessitatem.

216 1879 265 1937 10.
287 1868 393 1938 Etiam
418 1888 469 1938 res
492 1866 557 1938 hoe
581 1875 683 1938 modo
706 1874 946 1963 significantur,
979 1878 1177 1964 quibuscum

131 1959 250 2044 aliquid
267 1960 436 2039 convenit,
453 1971 507 2023 aut
526 1960 643 2045 quibus
659 1960 782 2044 aliquid
797 1962 996 2049 respondet,
1020 1974 1076 2027 aut
1090 1985 1174 2049 quae

129 2044 238 2130 aliquo
263 2045 365 2109 modo
386 2064 458 2106 rem
485 2045 604 2107 dietam
630 2044 855 2109 moderantur.
905 2049 992 2111 Haeo
1018 2059 1069 2113 est
1091 2071 1173 2112 con-

127 2132 309 2207 venientia,
350 2150 448 2212 quam
473 2129 549 2190 alias
581 2129 765 2191 scoriadam
784 2132 967 2216 exprimit.
1018 2135 1174 2199 Germani

128 2216 243 2277 dieunt
257 2213 357 2276 roaolt.
403 2212 476 2290 Qua
491 2213 619 2276 ¹ratione
635 2226 881 2297 'componuntur
896 2214 1060 2281 formulae
1072 2239 1174 2303 quae-

127 2301 203 2363 dam
213 2346 223 2380 ‚
246 2323 286 2362 err
305 2298 529 2389 arroteritate,
553 2298 592 2361 ex
608 2296 822 2380 conditione,
843 2300 943 2364 aliae.-

229 2419 319 2469 Pinut.
339 2416 417 2483 Epid.
434 2415 459 2480 5,
473 2416 497 2480 1,
515 2415 557 2469 19.
586 2433 617 2468 er
639 2418 692 2468 tuis
715 2410 801 2470 cerdis
822 2432 906 2471 maura
927 2421 1052 2485 futurum
1074 2421 1175 2485 torinna

191 2504 332 2572 poletrum
349 2502 498 2568 praedicas.
538 2494 595 2553 ‘cta
612 2502 647 2554 nd
666 2499 840 2568 rumolt,
858 2505 882 2557 1.
912 2521 944 2556 ex
964 2506 1017 2556 tuin
1038 2505 1134 2557 littorio
1149 2510 1175 2557 ot

197 2589 227 2652 Q.
240 2586 329 2652 fratri
340 2587 449 2655 gratiae
463 2586 508 2655 egi
521 2593 546 2637 et
560 2594 587 2638 te
604 2589 748 2656 aliquando
765 2589 916 2640 camarare
929 2607 1042 2656 pessuma
1070 2590 1105 2641 nd
1117 2590 1174 2643 Ata

193 2671 219 2735 1,
234 2671 259 2722 3,
286 2688 333 2721 noo
357 2672 398 2722 hic
417 2678 441 2722 te
460 2671 496 2722 ad
509 2678 620 2726 mensem
637 2671 789 2724 ianuarium
808 2681 985 2740 exspectamus
1008 2690 1041 2724 er
1062 2673 1176 2741 wadum

141 2818 143 2822 Ι
192 2772 367 2823 τᾳηιοτε,,αη
391 2774 421 2808 eo
441 2748 536 2808 titteris
557 2756 608 2807 tois
624 2756 661 2806 ad
684 2756 751 2807 ulios
772 2758 865 2810 missio.
901 2757 936 2809 ed
950 2759 1028 2809 Fam.
1045 2755 1087 2821 12,
1105 2753 1131 2821 4,
1146 2751 1173 2807 5.

144 2906 146 2910 ¹
190 2859 260 2893 ncnc
276 2858 342 2909 qnae
360 2842 459 2906 scribo,
477 2841 561 2892 scribo
577 2857 607 2891 ec
623 2840 743 2908 opinione
760 2841 893 2893 hominum
909 2851 986 2908 atque
997 2842 1088 2905 famu.

144 2985 147 2989 .
230 2943 287 2994 Gie.
307 2943 341 2994 nd
358 2943 412 2994 Art.
428 2943 452 3006 1,
468 2941 494 2995 5.
518 2943 607 3010 itaquo
630 2959 664 2992 ex
683 2943 731 3007 iic,
758 2950 824 3010 quot
845 2951 935 3011 postea
953 2942 1078 3009 saepcub
1092 2958 1121 2992 eo
1137 2938 1176 2991 ad

194 3042 235 3078 me
257 3028 356 3096 oeripta
379 3034 455 3090 sunt,
488 3027 605 3090 confido,
639 3027 679 3076 ita
702 3028 876 3092 acroamata,
906 3034 938 3078 ut
959 3034 984 3077 et
1007 3030 1127 3094 oporteat
1148 3029 1174 3075 et

191 3108 308 3160 uelimus.
342 3111 385 3162 lta
403 3112 438 3161 de
456 3109 510 3162 Off.
528 3107 611 3173 1,16,
628 3107 671 3160 51.
698 3113 818 3177 equibus
840 3113 904 3178 ipsie
927 3110 1071 3185 retortorio
1087 3109 1175 3165 odonn-

192 3201 296 3246 oentur.
330 3194 363 3245 de
378 3212 430 3261 quo
445 3195 506 3246 loco
520 3182 622 3260 mogun
637 3194 679 3243 ‘est
693 3193 850 3246 criticorum
869 3193 1026 3247 dissensio·
1081 3202 1098 3239 “.
1116 3216 1133 3233 ··

226 3294 316 3347 Tacit.
333 3297 400 3348 Anu.
415 3297 448 3360 2,
458 3294 499 3347 63.
527 3295 631 3362 scripsit
648 3292 766 3360 Tiberio,
785 3300 839 3349 aon
853 3306 885 3355 ut
900 3298 1032 3366 profugos
1049 3301 1097 3346 out
1111 3308 1180 3364 sup--

190 3381 267 3449 ples,
286 3380 331 3430 red
347 3397 376 3430 er
390 3382 516 3433 tnttttoria
539 3376 789 3447 ptioris'sortuaae.
818 3381 835 3433 i.
854 3398 877 3433 o.
904 3381 974 3433 sicut
992 3370 1187 3445 ferebnt'mo·¹

192 3461 289 3513 morio.
325 3464 399 3514 Fior.
411 3463 435 3527 t,
452 3464 497 3528 12‚·
509 3464 551 3516 28.
570 3481 623 3515 noa
638 3480 686 3531 prr
701 3466 896 3528 adulationem,
917 3466 962 3516 red
977 3482 1010 3516 ox
1024 3465 1183 3516 marnis-s

192 3556 301 3598 senatos
317 3565 459 3616 cognomen
473 3550 652 3615 proprovincia
668 3551 748 3601 dedit.
778 3552 819 3602 Cf.
836 3546 930 3615 poto.

227 3649 316 3700 Tacit.
341 3651 406 3719 Agr.
431 3648 456 3700 8.
485 3649 629 3714 aliquando
653 3651 797 3702 maioribus
818 3651 899 3720 copiis
923 3667 956 3703 etc
978 3656 1071 3704 comta
1091 3654 1171 3717 pruo-

188 3734 264 3798 feoit.
294 3734 313 3785 i.
331 3752 355 3786 e.
376 3751 458 3801 quum
473 3740 585 3784 eventus
601 3735 627 3785 id
645 3736 788 3787 suasisset.-

226 3819 269 3867 Ec
285 3821 450 3870 auctoritate.
487 3816 546 3869 Liv.
566 3817 608 3882 ot,
625 3817 668 3882 35,
683 3818 709 3870 2.
729 3826 759 3871 at
774 3826 834 3887 pax'
848 3836 881 3873 ex
894 3818 1053 3873 auctoritate
1064 3818 1171 3865 sonatur

192 3904 404 3967 confirmaretur.
747 3944 751 3951 .
942 3954 945 3959 ,

225 3988 271 4037 Ex
286 3989 433 4039 conditione
454 3985 576 4038 formula
596 3990 637 4037 est
651 3984 909 4039 iurisconsultorum.
940 3983 1047 4052 leian.
1061 3980 1090 4044 in
1104 3978 1169 4048 otg.

189 4068 274 4136 29,1,
298 4070 341 4136 15,
357 4071 381 4124 4.
400 4073 441 4124 ool
456 4089 487 4125 or
504 4071 652 4125 conditione
664 4072 709 4123 oct
721 4072 750 4122 ia
764 4070 944 4123 conditionem.
1026 4088 1030 4099 ·

811 4155 915 4214 42*
