2618 4770
597 280 702 355 REO.
1005 370 1012 393 θ
1108 287 1176 351 -361

205 441 240 501 2.
262 436 482 524 Praeponitur
501 437 562 501 edo
577 435 773 524 imperativo
791 435 826 500 io
843 436 1008 524 alloquio,
1027 460 1093 526 quo
1116 441 1176 506 ali·

125 520 198 670 ἒιιίε
224 521 268 620 ad
296 521 440 608 aliquam
474 545 547 586 rem
580 524 691 622 statim
723 520 956 622 perficiendam
988 526 1175 615 advocatur.

148 604 190 673 ed
209 628 270 694 qur
288 606 517 694 appellantur,
541 630 626 675 cern
642 618 719 672 sunt
736 617 791 670 aut
805 606 958 673 homines
972 609 1012 673 de
1028 610 1135 697 plebe.

227 725 321 779 Pleut.
338 727 418 780 Most.
434 727 468 793 3,
482 727 515 795 2,
530 724 591 781 141.
618 729 684 793 ciro,
705 728 784 780 ictum
795 765 803 792 ‚
816 745 900 796 puer,
918 729 1079 783 circumduce
1097 733 1177 785 deunce

192 811 273 863 cedes
290 819 315 865 ct
335 813 478 865 conducio.
505 811 587 867 Meu.
603 813 636 875 2,
651 812 684 878 3,
700 812 742 866 18.
762 815 825 876 eho,
843 810 985 879 Messenio,
1011 816 1103 867 accede
1117 816 1176 873 tao.

191 894 292 948 reond.
318 896 352 963 1,
369 892 476 962 3,114.
503 885 618 950 Terent.
639 897 709 950 Hec.
728 896 762 962 4,
776 896 809 963 4,
823 894 872 950 97:
887 897 938 950 Ad.
952 897 987 964 5,
1001 896 1091 964 9.,13,
1118 901 1176 965 eico,

162 1000 165 1005 ·
191 981 289 1035 accede
305 983 357 1034 duc
374 983 412 1034 ud
428 998 482 1033 me:
504 982 570 1033 liber
583 990 646 1035 esto.
796 1006 800 1013 ·
1059 1012 1062 1018 ·

226 1082 319 1141 Picent.
343 1082 423 1151 Epid.
440 1082 522 1148 4,1’,
542 1082 584 1167 40.
604 1084 651 1136 cdo
669 1083 763 1150 istinc,
793 1086 950 1149 Canthara,
970 1084 1060 1137 rtatim
1074 1085 1100 1149 ι’,
1117 1084 1179 1140 iude

158 1178 162 1185 ·
192 1166 414 1235 Acropolistidem
425 1168 534 1239 prodire
542 1168 634 1234 filiam
650 1178 713 1222 unte
731 1172 808 1222 uedeo
825 1174 918 1222 meum.
1069 1180 1072 1185 ·

227 1268 341 1325 Terent.
368 1270 452 1322 narr.
477 1270 629 1336 a‚1‚42.
657 1279 687 1323 u
705 1274 753 1325 cru
780 1273 809 1324 u·
832 1273 944 1342 argeum
962 1269 1047 1336 saca
1071 1256 1178 1324 accron
1234 1258 1237 1264 ’

194 1354 282 1407 duint.
297 1356 361 1422 ciro,
379 1357 421 1408 dic
433 1357 513 1423 miti,
536 1385 571 1394 —
605 1356 697 1425 quidni
717 1359 766 1412 icoc
782 1357 918 1411 consilium
933 1352 1050 1410 darent?
1085 1354 1177 1410 Plane

196 1438 275 1506 Ceut.
294 1438 325 1505 3,
341 1439 374 1506 4,
394 1440 436 1493 90.

230 1541 347 1617 Terent.
364 1544 415 1598 1³11.
431 1540 466 1609 5,
482 1540 500 1596 9
515 1541 576 1612 (8),
595 1543 638 1597 12.
655 1543 706 1597 eico
721 1546 760 1596 tu.
777 1536 827 1597 int.
842 1543 897 1625 fec.

140 1775 145 1787 Ι
211 1694 245 1757 3.
269 1692 347 1759 Eho
366 1693 459 1770 dicit,
483 1693 538 1782 qui
553 1694 654 1759 iratus
674 1704 728 1758 aut
747 1689 1012 1841 indignabundus
1037 1694 1180 1783 aliquem

138 1789 277 1867 increpat
294 1788 326 1843 et
343 1780 552 1845 contumeliis
570 1781 765 1867 insequitur.
841 1798 878 1841 os
900 1778 1038 1844 dicimus
1059 1782 1073 1844 i
1088 1780 1146 1848 du.

233 1900 325 1954 Plaut.
343 1900 447 1954 Bacch.
460 1899 495 1966 3,
510 1899 544 1966 3,
564 1897 606 1952 40.
627 1901 674 1953 edo
688 1917 764 1952 senec
776 1886 880 1953 minimi
891 1901 989 1968 pretii,
1011 1919 1044 1954 ue
1058 1903 1183 1974 ottingun

157 1980 161 1991 '
195 2001 311 2053 puerum
335 1987 402 2039 ictae
422 2003 524 2041 cauere.
559 1984 621 2037 Mil.
643 1983 779 2048 3,2,12.
798 1985 862 2048 cho,
888 1990 918 2036 tu
939 1987 1059 2051 caeleate,
1078 1987 1123 2054 qui
1138 1988 1181 2039 itu·

200 2086 357 2137 urppromuo
378 2086 419 2134 ec,
443 2070 500 2122 ciro.
544 2070 623 2125 Pero.
642 2067 679 2132 3,
698 2056 736 2132 3,
755 2066 781 2119 2.
808 2067 869 2120 Cur.
893 2067 926 2132 2,
947 2067 981 2135 3,
999 2069 1043 2122 21.
1068 2070 1182 2126 Terent.

199 2153 284 2206 Andr.
300 2151 334 2217 4,
349 2152 381 2216 2,
401 2151 443 2205 21.
461 2154 509 2206 cdo
524 2161 554 2206 tu
571 2154 708 2221 impudens
723 2170 777 2204 uon
792 2152 859 2204 catio
872 2153 955 2205 dobeo
967 2154 1036 2221 quod
1051 2154 1112 2206 duic
1126 2156 1183 2211 die-

202 2239 291 2289 culam
306 2237 398 2289 uddo?
431 2238 543 2291 Terent.
561 2230 645 2291 Phor.
658 2236 691 2303 4,
706 2235 738 2302 4,
753 2236 778 2289 3.
793 2237 864 2307 ΙιιΙιο,
887 2237 1002 2290 cerbero.

161 2486 164 2491 Ι
216 2390 247 2454 4.
264 2364 439 2452 Terentius
459 2387 541 2451 dum
555 2387 680 2469 adiecit,
701 2387 742 2453 de
760 2409 826 2475 quo
844 2410 879 2476 p.
887 2391 961 2453 329.
981 2384 1106 2452 dictum
1126 2400 1184 2455 est.

239 2509 352 2562 Terent.
367 2510 450 2562 Andr.
464 2509 544 2575 2,1,
560 2508 603 2561 24.
623 2511 735 2562 ehodum
752 2510 794 2562 dic
810 2510 892 2574 milri,
910 2525 973 2561 uum
992 2508 1055 2576 quid
1071 2511 1186 2580 ampliu·

202 2592 255 2645 rior·
268 2610 325 2644 cum
336 2594 385 2645 illa
393 2595 461 2659 fuit,
481 2593 619 2647 Charine?
635 2596 703 2648 Eun.
717 2594 751 2660 2,
770 2594 804 2659 3,
818 2592 861 2647 69.
878 2593 960 2647 Andr.
974 2591 1000 2657 3,
1014 2590 1046 2658 5,
1064 2593 1106 2648 10.
1124 2597 1185 2648 olco-

139 2674 146 2683 “
202 2678 283 2743 dum,
304 2679 368 2732 douc
387 2679 445 2767 cir,
464 2679 528 2747 quid
542 2678 625 2750 ogis?
641 2681 673 2747 1,
688 2681 721 2745 2,
736 2677 779 2731 13.
796 2677 924 2740 ehodum,
943 2679 979 2730 od
997 2695 1056 2753 mc.

139 2864 143 2871 ·
220 2830 253 2896 6.
273 2831 405 2895 Praeter
419 2828 507 2895 hunc
525 2828 667 2896 modum
687 2851 757 2894 non
778 2839 954 2916 usurpatur
974 2827 1055 2891 haec
1078 2826 1185 2915 parti-

107 2912 111 2925 '
138 2912 228 2980 culn.
266 2917 350 2980 Nam
368 2916 458 3001 quod
474 2916 561 3003 apud
578 2917 729 2980 Plautum
745 2915 860 2979 Pseud.
876 2916 916 2993 4,
933 2917 1042 2989 7,·.90.
1066 2912 1187 2999 legitur

137 3018 196 3065 ΒΔ.
225 3000 413 3065 ΕΙιοΙ-ΗΑ.
439 3003 548 3066 Mitte.
579 3019 636 3067 BA.
669 3000 763 3082 Quid
780 3000 945 3064 mercedis
957 3010 1100 3084 petasus
1124 2999 1187 3060 lm-

137 3084 199 3151 dic
222 3085 361 3151 domiuo
377 3085 551 3151 demeret?
582 3085 742 3173 particula
760 3085 912 3150 cohaeret
940 3105 1014 3147 cum
1040 3085 1194 3148 iuterro-

125 3171 293 3259 .gatione,
313 3193 396 3258 quae
412 3173 572 3259 sequitur,
597 3181 629 3236 et
644 3172 777 3258 Harpax
793 3170 980 3258 interpellat
997 3171 1189 3256 loquentem

137 3257 248 3322 verbis
264 3257 362 3321 mitte
377 3279 442 3321 me.
484 3256 528 3322 Et
550 3256 584 3320 in
608 3257 694 3320 Rud.
713 3260 752 3337 4,
771 3263 810 3336 ὃ,
833 3263 885 3320 10.
911 3256 987 3336 edo,
1012 3254 1113 3329 modo
1136 3264 1189 3319 eat

137 3343 444 3430 operaepretium,
468 3342 557 3430 quod
572 3341 635 3406 cibi
650 3366 713 3431 ego
730 3365 877 3407 narrare
894 3341 978 3407 colo.
1002 3338 1212 3405 alinm‘v'oru'.

138 3426 265 3493 borum
280 3428 557 3515 compositionem
580 3429 652 3515 ipsa
675 3430 773 3493 metri
794 3429 879 3493 ratio
902 3427 1051 3514 requirit.
1089 3424 1208 3513 'Apudae'

141 3514 339 3580 Ciceronem
361 3513 402 3578 de
424 3514 493 3580 inv.
510 3514 623 3595 1‚49‚
639 3519 693 3579 91.
722 3525 754 3580 et
779 3515 818 3579 ad
841 3515 985 3578 Herenn.
1001 3518 1040 3592 2,
1056 3512 1116 3587 26,
1134 3515 1189 3577 39.

139 3598 301 3688 leguntur
326 3598 405 3663 haec
427 3601 544 3664 Ennii:
576 3601 637 3663 elio
660 3613 715 3683 tu,
739 3600 794 3680 di,
826 3599 942 3687 quibus
964 3609 1014 3664 ert
1033 3606 1190 3684 potestur

110 3744 114 3749 .
139 3698 255 3751 nectito
269 3707 430 3770 superum
445 3696 544 3773 utque
557 3682 724 3774 inferum,
747 3709 869 3772 pacem
884 3687 975 3751 inter
988 3708 1059 3748 sere
1076 3683 1191 3746 conci-

141 3771 254 3853 liant,
276 3768 455 3870 conserunt
474 3771 704 3836 concordium.
749 3771 849 3852 Quod
867 3772 939 3836 cod.
956 3770 1033 3834 leid.
1056 3765 1191 3856 prueb‘et

140 3878 268 3945 pacem
283 3870 375 3922 enom
397 3857 487 3919 inter
510 3859 738 3924 seruabere
762 3858 903 3922 restituit
927 3856 1081 3921 Orellius.
1128 3855 1192 3917 Sed
1227 3894 1229 3898 -

141 3944 258 4032 primu
287 3964 363 4042 paro
393 3942 572 4006 sententiae
609 3944 903 4033 interrogationem
938 3942 1085 4007 continet
1116 3960 1192 4004 cum

144 4029 365 4095 admiratione
386 4026 607 4092 coniunctam.
